3144 5262
382 1269 415 1361 Ι.
446 1269 778 1368 Gesohiohtlichcr
797 1274 923 1369 Thoil

594 1513 725 1523 ——..--

29 1621 113 1728 Deo
134 1674 222 1727 Alten
241 1673 355 1726 scheint
375 1674 425 1724 der
444 1672 626 1744 Kbnigsfaru
644 1689 723 1744 ganz
741 1673 917 1728 unbekannt
935 1693 1073 1746 genesen
1087 1695 1122 1732 zu
1135 1679 1208 1736 sein.
1227 1683 1282 1736 Die

28 1770 134 1822 ersten
154 1762 351 1816 Nachrichten
371 1765 443 1817 iiber
466 1763 614 1817 Osmunda
632 1764 709 1816 finde
729 1763 775 1816 ioh
794 1764 821 1816 in
841 1763 880 1816 M.
899 1767 936 1817 do
955 1767 1091 1822 Lobel’s
1110 1770 1282 1826 Plautarum

28 1869 83 1905 seu
104 1853 242 1922 stirpium
271 1849 402 1905 Historia
430 1853 544 1920 (1576);
576 1852 622 1906 bei
652 1852 710 1904 ihm
742 1853 846 1906 taucht
875 1855 950 1908 auch
981 1864 1079 1910 zuerst
1110 1859 1163 1913 der
1190 1859 1282 1915 Namc

32 1942 185 1996 Osmunda
205 1942 262 1996 auf.
281 1941 392 1995 Lobel
411 1942 505 1995 bildet
525 1943 570 1994 die
591 1941 707 1995 Pilanze
726 1942 774 1995 fiir
793 1943 872 1997 scine
891 1945 958 1998 Zeit
975 1962 1051 2016 gana
1070 1955 1126 2017 gut
1149 1951 1196 2006 ab.
1225 1953 1282 2004 Die

24 2033 119 2084 obere
139 2031 322 2101 Abbildung,
342 2032 386 2084 als
405 2031 592 2102 ,Osmundac
602 2029 704 2101 florcs“
725 2033 912 2100 bezeichnet,
931 2035 1012 2087 stelit
1030 2037 1076 2090 ein
1100 2039 1180 2092 nicht
1202 2057 1279 2110 gana

23 2122 241 2191 vollstbntliges
270 2121 457 2174 Fruchtblatt
485 2123 536 2175 der
570 2121 719 2176 osmundo
745 2124 852 2194 aepulis
880 2125 948 2192 dar,
974 2124 1100 2180 welches
1124 2144 1177 2181 aus
1196 2131 1279 2183 einer

22 2228 104 2280 ganz
124 2211 339 2281 vollstiiudigen
360 2209 547 2282 Fruchtrispe
567 2213 625 2264 und
646 2213 661 2266 3
686 2213 801 2265 Psaren
833 2214 1134 2271 darunterstchender
1163 2219 1279 2273 steriler

25 2300 249 2354 Fieder-Paare
280 2301 404 2354 besteht.
435 2300 490 2353 Die
521 2302 808 2354 darunterstehende
836 2303 1008 2373 Abbildung
1038 2305 1134 2376 btingt
1158 2324 1211 2362 uns
1231 2308 1279 2362 eiu

11 2388 158 2453 ³Rhizom,
177 2387 256 2442 nicht
274 2405 351 2460 gana
371 2393 579 2459 naturgetreu,
600 2389 652 2442 ruit
670 2393 686 2443 5
705 2389 826 2442 steriles
845 2389 991 2444 Blattern.

131 2498 186 2550 Die
206 2499 363 2552 Nervation
385 2499 423 2551 ist
439 2500 554 2554 iiberall
568 2501 760 2570 angedeutet,
774 2500 820 2554 die
833 2517 928 2572 gance
941 2501 1058 2556 Pflanze
1071 2503 1114 2556 als
1133 2502 1280 2559 Osmunda

10 2587 191 2652 ‚kenntlich
211 2587 306 2642 Eineu
325 2589 402 2642 Text
421 2589 516 2644 finden
538 2589 593 2642 wir
612 2597 674 2644 erst
692 2591 721 2643 in
740 2589 879 2646 Lobel's
898 2591 1113 2662 „Adversaria“
1132 2609 1201 2664 pag.
1214 2595 1277 2650 363.

10 2677 74 2766 :¹⁰¹²
94 2678 171 2730 lasse
190 2677 351 2732 denselbeu
371 2677 434 2730 hier
452 2677 632 2750 vollstaudig
650 2679 758 2752 fulgen.

71 2903 267 2957 Recentlorum
303 2901 538 2958 OSMVNDA
565 2902 646 2958 Filio
667 2904 796 2976 florida,
825 2907 939 2962 luteolis
966 2909 1022 2962 siue
1043 2907 1171 2978 flosculis
1198 2918 1223 2963 et

512 2997 661 3048 raccmosis
680 2995 789 3066 liqulis.

164 3130 282 3184 MINVS
318 3126 386 3182 verb
419 3136 490 3182 nota
525 3129 635 3183 Italicis
673 3127 852 3200 Gallicisque
882 3131 1027 3186 tractibus
1054 3131 1277 3186 mediterraneis

98 3219 253 3283 Osmunda,
273 3218 349 3272 Filix
369 3218 447 3270 dicta
466 3218 570 3289 Regia,
590 3218 682 3288 regijs
702 3216 826 3274 sanese
849 3219 1007 3288 praeclaris
1034 3219 1151 3274 viribus.
1180 3220 1276 3274 Multa

95 3307 149 3379 hec
168 3306 198 3360 in
215 3307 378 3360 Pictauium
398 3307 556 3362 nemorosis
574 3308 675 3377 syluis,
695 3306 822 3378 itemquo
841 3308 942 3378 Belgio
962 3315 993 3361 et
1012 3309 1121 3380 Anglia
1139 3307 1274 3378 plurima.

96 3395 185 3450 Maris
205 3394 299 3449 Filicis
319 3397 416 3450 radice
436 3398 516 3467 quasi
538 3397 624 3450 costis
645 3405 798 3467 compacta
818 3397 925 3462 multis,
945 3403 976 3450 et
993 3398 1071 3468 foliis
1090 3397 1201 3468 ijsdem,
1222 3399 1272 3451 sed

95 3484 263 3556 neutiquam
284 3485 419 3540 crematis.
447 3485 536 3539 Caule
564 3484 680 3554 striato,
708 3503 792 3556 quem
820 3486 1005 3540 bicubitalem
1035 3488 1105 3542 lolia
1133 3489 1273 3542 nonnulla

94 3585 204 3632 tarsum
236 3576 317 3630 clare
346 3574 492 3630 imitantia
521 3575 622 3645 aequis
655 3593 693 3630 ex
725 3573 888 3629 interuallis
925 3575 1049 3646 stipant,
1090 3577 1270 3646 lateratimq3

95 3669 234 3722 emittunt
252 3668 396 3737 palmares
416 3671 448 3720 ct
465 3666 710 3736 sesquipalmares
729 3665 855 3735 thyrsos,
875 3670 906 3718 et
917 3665 987 3720 floru‘
1001 3666 1107 3736 ligulas
1120 3666 1272 3733 oblongas,

94 3757 192 3812 densis
211 3757 373 3824 racemulis,
391 3756 518 3829 Lunarip
538 3761 569 3809 et
587 3755 769 3826 ophioglossi
798 3755 930 3822 aemulis,
959 3759 1012 3810 aut
1039 3757 1135 3826 potius
1163 3756 1271 3810 Tama-

93 3846 160 3900 ricis
187 3845 381 3901 Narbonensis
408 3862 501 3915 nuper
530 3845 694 3914 erumpitis,
724 3859 800 3914 quae
830 3860 869 3896 ex
904 3843 1074 3914 ferrugineo
1109 3842 1271 3910 fuoescuut,

93 3938 181 4008 inque
211 3937 351 3990 cariosum
379 3943 410 3988 et
437 3937 674 4005 pulueruleutum
702 3932 789 3986 situm
817 3932 966 4002 fatiscunt,
986 3933 1126 3985 seminum
1145 3932 1270 4000 speciem

92 4032 146 4081 aut
165 4043 243 4096 spem
264 4030 454 4080 ostentantes.
472 4023 594 4079 Radices
615 4027 715 4078 autem
739 4023 906 4092 amplexae,
936 4026 966 4074 et
991 4017 1082 4074 toruli
1109 4022 1270 4090 complures

91 4116 179 4172 costis
200 4115 315 4184 similes,
334 4113 506 4185 squamatim
526 4113 579 4169 sibi
599 4114 756 4180 incumbat,
777 4114 813 4166 ad
835 4111 967 4180 lzlernias,
988 4111 1025 4164 ad
1044 4109 1145 4162 ulcera
1164 4110 1269 4178 explo-

90 4205 229 4263 ratissimi
249 4206 394 4261 commodi.
414 4205 579 4268 Quinetiam
599 4202 695 4258 colicis
716 4209 747 4257 et
765 4201 931 4272 spleneticis
951 4197 1102 4270 plurimum
1130 4197 1270 4252 conferit.

91 4295 230 4350 Nonnihil
251 4293 345 4348 calida
364 4301 419 4362 est,
439 4301 471 4350 et
489 4295 562 4348 acris
581 4299 697 4366 gustus,
716 4291 810 4348 odoris
829 4307 884 4344 uon
904 4288 1021 4361 ingrati.

39 4416 131 4468 nilne,
152 4413 247 4463 honour.
266 4413 316 4457 Gen.
331 4413 454 4458 osmundus.
1049 4413 1062 4464 1
