3194 5292
239 479 336 538 ’76

395 627 589 683 Metteuins
613 627 678 698 gibt
697 626 794 680 seiner
817 626 847 680 0.
868 628 1049 698 gloucescens
1070 629 1209 698 folgende
1228 629 1391 699 Diagnose:

395 719 534 771 Rhizoma
553 734 660 784 repens
680 716 842 786 obliquum,
863 717 933 768 lolia
952 717 1031 770 2-3¹
1052 719 1151 786 longa,
1176 719 1301 784 petiolus
1321 718 1439 770 strictus
1462 717 1542 786 prui-

293 825 390 876 nosus,
409 809 518 862 lamina
536 808 725 878 glauccscens
745 806 905 872 deltoidea‚
925 813 1013 860 orata
1026 807 1073 863 rel
1093 808 1232 876 oblonga,
1252 807 1420 874 bipinuata3
1440 808 1543 876 pinuae

293 896 449 950 inferiores
469 897 601 960 steriles,
621 894 763 965 pinnulae
783 894 898 946 sensiles
919 898 1164 949 membranaceae
1182 895 1308 964 rigidae,
1336 899 1439 950 subtus
1458 899 1543 966 glau-

294 993 443 1040 restantes
464 1003 481 1038 e
499 984 563 1038 basi
582 985 779 1055 inaequaliter
798 994 925 1038 cuneata
943 987 989 1038 vel
1009 985 1159 1056 superiore
1178 989 1306 1038 cuneata
1330 988 1377 1038 rel
1397 991 1543 1052 truncata,
1588 1009 1589 1012 ¹

293 1077 432 1130 inferiore
461 1077 622 1128 rotundatu
650 1076 795 1144 oblongae
824 1076 870 1126 rel
899 1077 1216 1146 elongato-oblongae,
1245 1077 1381 1138 obtusae,
1414 1076 1543 1144 margine

295 1173 438 1233 narratae,
459 1165 521 1218 basi
542 1164 693 1216 hincinde
717 1165 901 1218 auriculatae
924 1166 970 1216 vel
992 1164 1162 1232 pinnatifide
1186 1163 1323 1229 incissae3
1353 1165 1438 1216 nervi
1461 1164 1542 1215 Neu·

294 1254 451 1322 ropteridis
471 1255 508 1306 ad
528 1253 606 1306 siuns
627 1255 758 1306 dentium
778 1255 985 1320 decurrentes,
1012 1254 1122 1322 pinnae
1151 1253 1315 1322 superiores
1339 1253 1452 1307 fertiles
1476 1271 1545 1304 con-

294 1348 426 1413 tractae,
457 1343 595 1412 pinnulae
614 1343 743 1396 lineares
763 1345 906 1412 profunde
925 1343 1188 1412 pinnatipartitae,
1217 1343 1343 1396 laciniae
1362 1344 1545 1396 suhrcmotae

295 1433 458 1502 sporaugiis
477 1435 567 1485 dense
586 1432 756 1502 glomeratis
776 1441 909 1485 onustae.

396 1522 506 1590 Spitter
525 1522 656 1574 erklarte
676 1521 729 1574 mir
748 1521 944 1574 Mettenius
965 1520 1106 1586 brieilich,
1135 1523 1202 1574 dass
1222 1537 1254 1574 er
1273 1521 1315 1574 sie
1341 1522 1399 1574 und
1422 1518 1452 1572 0.
1472 1523 1554 1590 gro?

294 1610 358 1665 eilia
376 1629 432 1666 nor
451 1612 499 1663 fiir
518 1612 640 1663 Formen
659 1627 715 1664 ron
739 1610 770 1662 0.
789 1612 896 1680 repetis
915 1612 1033 1663 ansche.

395 1723 437 1775 Irn
458 1724 552 1775 ludex
571 1723 647 1776 Sem.
667 1719 744 1774 horti
764 1723 823 1774 bot.
843 1722 938 1774 Berol.
967 1724 1066 1787 (last)
1094 1740 1121 1790 p.
1147 1725 1179 1776 ld
1207 1721 1355 1789 bespricht
1372 1723 1408 1773 A.
1427 1722 1542 1774 Braun

298 1810 330 1865 0.
348 1814 517 1882 spectabilis,
547 1813 688 1864 nacbdem
717 1829 749 1864 er
778 1827 814 1865 zu
842 1811 886 1862 ihr
915 1811 1055 1880 folgende
1080 1812 1251 1880 synonyma
1278 1809 1450 1879 anigefiibrt
1479 1811 1543 1862 hat:

298 1898 329 1953 0.
349 1901 457 1971 regalis
476 1902 503 1969 β.
529 1903 692 1970 spectabilis
721 1901 817 1969 Gray
845 1901 923 1952 Mau.
952 1901 1004 1952 600
1031 1901 1090 1953 uud
1124 1898 1154 1952 0.
1182 1902 1363 1970 gloucestrae
1389 1898 1480 1952 Link
1509 1899 1544 1950 fil.
1588 1895 1589 1906 ¹

295 1989 371 2042 horti
393 1993 486 2044 Berol.
507 1998 537 2042 et
557 1992 585 2043 Μ
593 1991 756 2042 ettenius
779 1989 817 2041 fil.
837 1989 912 2040 hort.
931 1988 1010 2057 Lips.
1034 1991 1093 2042 116.

396 2101 606 2172 speciminibus
625 2101 757 2170 plurimis
777 2101 947 2170 spontaneis
968 2101 1132 2152 Osmundac
1151 2100 1329 2169 spectabilis,
1353 2099 1441 2152 variis
1459 2102 1543 2151 Ame-

293 2191 374 2248 ricae
393 2198 535 2260 septentr.
555 2192 633 2257 locis,
662 2189 837 2260 praesertim
857 2189 933 2241 circa
952 2192 1060 2242 Boston
1087 2189 1116 2241 in
1136 2189 1367 2242 Massachusetts
1397 2189 1434 2241 ab
1454 2191 1544 2242 arnico

294 2283 346 2334 Dr.
366 2281 555 2335 Weinland
575 2281 658 2332 lectis
679 2296 739 2330 curn
761 2277 967 2348 speciminibus
988 2279 1151 2330 Osmuudae
1173 2279 1388 2346 glauccscentis
1414 2277 1443 2331 in
1461 2278 1543 2331 horto

291 2371 388 2424 Berol.
408 2376 438 2422 et
456 2369 535 2440 Lips.
555 2370 640 2422 cultis
660 2369 816 2439 diligenter
836 2369 1025 2438 comparatis,
1044 2368 1127 2421 nobis
1147 2385 1316 2438 persuasum
1337 2375 1393 2435 est,
1417 2369 1543 2421 Osmun-

294 2461 360 2512 dam
381 2461 615 2529 glaucesceutern
636 2459 733 2510 Liukii
759 2475 858 2510 veram
884 2476 948 2510 esse
968 2459 999 2511 Ο.
1019 2459 1216 2528 spectabilem.
1248 2459 1356 2511 Planta
1378 2459 1434 2511 huc
1454 2475 1543 2526 usque

293 2548 322 2600 in
342 2551 425 2602 horto
446 2550 543 2600 Berol.
572 2549 624 2600 sub
653 2546 768 2600 nomine
788 2549 953 2600 Osmundae
980 2547 1148 2616 spectabilis
1177 2547 1255 2600 culta
1274 2547 1415 2615 ipsissima
1446 2555 1493 2600 est
1515 2546 1543 2597 0.

292 2638 409 2710 repotia,
439 2638 521 2706 cujus
541 2637 698 2705 specimina
717 2637 892 2688 Americana
919 2653 1064 2704 nunquam
1087 2636 1215 2688 vidimus.
1248 2637 1332 2689 Color
1353 2637 1543 2704 glanccsceus

294 2733 324 2780 et
351 2727 457 2797 pruina
486 2726 649 2794 pedunculi,
678 2726 782 2796 quibus
815 2725 845 2778 O.
874 2727 1035 2795 spectabilis
1066 2727 1096 2780 iu
1128 2733 1208 2778 statu
1238 2725 1303 2778 rivo
1337 2725 1461 2794 insignis
1492 2733 1544 2781 est.

295 2822 397 2870 aetate
417 2820 595 2870 evanescunt
625 2821 655 2866 et
683 2815 712 2868 in
732 2812 937 2884 speciminibus
963 2814 1043 2867 siccis
1064 2830 1152 2883 saepe
1175 2832 1231 2866 non
1251 2815 1374 2883 amplius
1395 2815 1543 2884 distingu-

292 2912 399 2970 untur,
430 2905 481 2956 sed
503 2905 610 2956 adsunt
630 2903 706 2956 aliae
727 2909 814 2956 notae
835 2904 1022 2957 distinctivae
1042 2905 1159 2959 minoris
1181 2904 1295 2973 quidem
1315 2903 1465 2970 momenti,
1495 2905 1542 2954 sed

293 2995 366 3050 satis
385 2992 563 3047 constantes.
583 2993 656 3044 Tota
675 2994 781 3061 planta
798 2991 942 3047 (lamando
955 2995 1047 3065 regali
1063 2993 1211 3062 gracilior,
1231 2993 1356 3062 potiolus
1371 2993 1543 3062 plerumque
1588 3031 1589 3040 ,

291 3084 415 3154 longior,
434 3083 559 3148 tenuior,
578 3083 684 3152 pinnae
704 3081 881 3149 remotiores,
902 3082 1055 3150 pinnarum
1077 3083 1215 3134 sterilium
1230 3081 1370 3152 pinnulae
1390 3082 1543 3147 linfimae,

290 3190 365 3244 quae
394 3173 423 3224 iu
449 3169 481 3224 0.
500 3171 591 3242 regali
620 3170 825 3239 suboppositae
846 3176 876 3222 et
899 3171 1000 3223 rhachi
1026 3172 1182 3239 primariae
1210 3172 1437 3240 approximatae
1467 3175 1543 3238 suut,

290 3263 369 3318 iuter
388 3280 419 3316 aa
438 3261 553 3330 longius
573 3259 725 3325 distantes,
746 3260 863 3313 inferior
882 3260 984 3312 rhacbi
998 3261 1214 3329 approximate,
1233 3260 1364 3328 superior
1384 3261 1421 3311 ab
1442 3261 1541 3312 eadem

292 3358 413 3404 remota.
432 3350 575 3402 Pinuulae
595 3348 745 3400 inferiores
766 3366 849 3416 porro
870 3349 1032 3401 distinctius
1052 3350 1214 3418 petiolatae
1238 3354 1268 3399 et
1291 3348 1352 3400 basi
1378 3348 1542 3400 evidentius

289 3438 532 3508 inaequilaterae,
546 3438 677 3507 margine
691 3438 802 3506 postico
817 3438 947 3504 inferius,
967 3438 1064 3490 antico
1078 3439 1210 3507 superius
1231 3455 1246 3490 e
1267 3444 1348 3490 costa
1366 3439 1537 3506 prodeunte.

393 3549 438 3604 cl.
466 3549 573 3603 Linlr
601 3552 620 3601 l.
649 3567 672 3602 c.
702 3552 777 3603 Osm.
808 3551 1047 3620 glaucescenteru
1081 3569 1161 3606 suam
1195 3549 1321 3620 pinnulis
1341 3549 1539 3620 integerrimis

294 3639 466 3710 distinguit,
495 3641 545 3693 sed
574 3640 602 3692 in
631 3640 691 3709 ipso
721 3640 876 3708 specimine
908 3640 1034 3694 herbarii
1062 3641 1199 3696 Liukiaui
1231 3637 1401 3712 praesertim
1433 3639 1540 3708 apicem

291 3745 392 3784 versus
421 3730 576 3782 evidenter
603 3730 766 3784 serrulatae
791 3730 988 3784 inveniuntur.
1018 3731 1142 3799 Sporrae
1172 3747 1234 3782 cum
1259 3727 1289 3780 0.
1308 3729 1398 3798 repeti
1428 3732 1541 3781 omnino

291 3818 477 3872 conveniunt.
505 3817 610 3870 Variat
629 3824 757 3870 ceterum
777 3819 905 3887 pinnulis
926 3818 1079 3872 latioribus
1104 3825 1135 3872 et
1155 3818 1383 3887 angustioribus,
1407 3833 1543 3870 nonnun-

292 3923 377 3975 quam
397 3907 460 3960 basi
481 3905 659 3970 auriculatis,
689 3924 817 3960 necnon
838 3909 931 3960 latere
951 3909 1044 3962 antico
1065 3906 1309 3979 subpinnatitidis.
1335 3905 1489 3972 Pinuulis,
1514 3913 1543 3957 ut

290 3993 320 4046 in
344 3992 376 4050 0.
396 3997 495 4066 repuli,
516 3995 675 4047 numerosis
694 3997 732 4047 ab
756 3994 787 4047 0.
807 3998 909 4066 gracili
929 3997 1034 4052 differt.

391 4105 567 4176 Vergleiebe
597 4107 644 4160 lirr
674 4106 773 4158 diesen
802 4106 911 4160 Zweclr
944 4109 1037 4160 meina
1071 4108 1212 4162 Tabellen
1243 4123 1289 4159 arn
1318 4105 1458 4160 Schlusse
1492 4105 1543 4156 der

290 4189 397 4244 Arbeit
415 4194 489 4246 iiber
512 4193 659 4250 osmundo
677 4195 792 4266 apalis.
821 4196 947 4263 Sichere,
976 4198 1092 4250 scharle
1113 4197 1246 4250 Grcnzeu
1269 4198 1365 4248 lassen
1385 4193 1446 4246 sicli
1468 4195 1543 4246 nach

290 4279 402 4332 meiner
429 4283 554 4337 Ausicht
582 4285 726 4339 zwischeu
760 4285 790 4337 0.
818 4288 944 4358 procidis,
980 4286 1011 4340 0.
1035 4289 1192 4358 pobntrie,
1229 4283 1260 4335 0.
1287 4283 1450 4354 spectabilis
1485 4281 1543 4334 und

293 4365 324 4421 0.
344 4369 449 4440 repotia
470 4372 551 4425 nieht
571 4375 684 4428 richen.
