3144 5262
311 481 328 539 2

414 631 465 684 Bai
485 631 619 685 Lohel's
641 633 784 700 h'reundu,
802 633 1027 698 Dodonaeas,
1046 632 1142 684 huden
1162 631 1216 684 wir
1240 629 1269 686 in
1296 633 1398 686 dassen
1419 633 1542 702 Stirpiun

309 719 447 774 historiae
476 723 649 791 Pernptades
678 722 778 786 (1583)
808 722 956 774 dieselben
985 721 1203 790 Abbildungen,
1231 723 1287 776 wie
1308 722 1354 774 bei
1375 724 1489 775 Lobel.
1512 727 1543 778 Er

309 810 468 864 behandelt
488 829 589 864 uusere
611 811 725 863 Phanze
751 811 793 863 als
817 809 895 864 Filia
918 813 1062 881 paloaria
1087 812 1123 864 im
1152 813 1177 867 5.
1206 811 1312 878 Buche,
1336 813 1480 866 welches:
1509 817 1544 868 De

309 900 452 970 Filicibus,
472 902 573 954 muscis
593 918 627 954 ao
646 901 761 970 fungis“
782 901 913 966 bandelt,
939 902 1078 952 wahrend
1107 902 1165 954 sich
1197 903 1343 956 Osmuadc
1372 901 1418 954 bei
1446 903 1544 957 Lobel

309 988 410 1041 mitten
432 991 574 1043 zwisohen
593 990 732 1055 Droscra,
752 987 967 1061 Polyponatum,
996 989 1231 1060 scolopendrium,
1260 990 1399 1057 Getsrcclt,
1426 990 1545 1064 Polypo-

307 1077 397 1146 dium,
416 1081 546 1133 anderen
566 1078 678 1146 Filiccs,
698 1079 879 1148 Compositen
899 1079 957 1132 und
977 1076 1125 1133 Acanthus
1144 1079 1293 1134 rorfiodet.

411 1170 457 1221 Da
485 1168 564 1220 seine
593 1167 820 1239 Bemerlrungen
850 1169 930 1222 nicht
958 1170 1033 1222 ohne
1062 1170 1206 1222 Interesse
1235 1167 1310 1238 sind,
1328 1168 1403 1237 gebe
1423 1166 1470 1222 ich
1491 1172 1545 1224 die·

310 1257 408 1309 selben
429 1257 466 1309 im
487 1259 654 1329 Fulgenden
674 1258 852 1328 vollstllndig
872 1258 989 1310 wieder.

444 1393 652 1448 PALVSTRIS
674 1391 749 1446 Filix
769 1391 868 1444 caules
887 1393 1048 1457 complures
1069 1387 1131 1441 edit
1155 1390 1327 1445 bicubitales
1352 1396 1404 1445 aut
1427 1394 1546 1447 altiores

380 1479 494 1534 foliatos
515 1483 604 1535 veluti
624 1481 717 1534 Filicis
737 1479 870 1542 feminae,
892 1478 971 1532 ouius
991 1482 1023 1532 et
1042 1478 1113 1532 lolia
1131 1481 1272 1547 referret,
1291 1481 1344 1534 nisi
1364 1481 1546 1549 particulari

379 1571 507 1624 molliora
535 1571 697 1638 latioreque
729 1573 837 1631 essent,
867 1573 897 1620 et
926 1567 1149 1637 haudquaquam
1179 1586 1232 1638 per
1261 1569 1406 1640 margines
1425 1580 1545 1626 serrata

379 1660 454 1713 circa
481 1675 604 1712 summos
632 1658 759 1712 ramulos
788 1657 880 1710 densa
909 1657 1001 1710 veluti
1028 1658 1167 1711 seminum
1197 1659 1362 1712 futurorum
1390 1658 1546 1715 rudiment

380 1748 553 1813 adhaerent,
571 1762 646 1816 quae
666 1753 764 1798 tamen
786 1747 896 1800 semina
916 1763 973 1800 non
993 1752 1069 1799 sunt.
1089 1749 1171 1812 (nam
1191 1747 1297 1801 sterilis
1326 1751 1356 1802 et
1384 1749 1458 1801 haeo
1482 1751 1547 1804 Fili⁴

379 1835 420 1889 vti
440 1839 590 1901 caeterae)
610 1835 694 1889 radix
714 1853 821 1904 crassa,
841 1836 1019 1906 amplissima
1038 1835 1163 1891 omnium
1183 1837 1310 1906 Filicum‚
1331 1838 1427 1890 multis
1451 1842 1547 1893 crassi

378 1925 467 1995 nigris
488 1926 565 1985 libris
585 1926 735 1995 capillata,
754 1925 782 1978 in
803 1943 923 1996 quarum
943 1926 1035 1979 medio
1061 1927 1269 1980 subcandidum
1298 1929 1453 1998 quoddam,
1483 1945 1547 1997 quo

380 2015 607 2070 efficacissimum
626 2021 749 2086 putatur
769 2015 884 2070 radicis.
1546 2083 1547 2086 Ἴ

446 2103 582 2158 Nascitur
600 2105 673 2158 haec
693 2104 768 2158 Filix
787 2105 854 2158 locis
874 2104 965 2174 riguis
990 2122 1024 2157 ac
1052 2103 1242 2171 palustribus3
1262 2119 1319 2157 nou
1339 2104 1406 2158 rard
1425 2108 1454 2159 in
1475 2105 1547 2162 foss

378 2209 469 2264 aquas
489 2193 678 2260 habentibus,
698 2193 728 2248 in
748 2194 954 2250 humidioribus
974 2211 1086 2264 quoque
1115 2193 1213 2264 syluis.
1243 2196 1328 2263 Apud
1360 2197 1470 2259 Gallos,
1504 2205 1548 2252 tul

379 2291 411 2337 et
439 2284 515 2352 apud
546 2283 702 2338 Britannos
730 2283 877 2354 plerisque
905 2283 974 2338 locis
1002 2285 1160 2354 reperitur:
1190 2284 1364 2338 Germaniae
1392 2302 1425 2338 ac
1456 2287 1548 2359 Belgi

378 2373 449 2426 satis
469 2390 582 2444 quoque
602 2375 749 2445 frequens.

444 2461 535 2534 Viget
567 2470 599 2518 rt
630 2466 807 2517 antecedens
838 2468 966 2517 aestate:
1004 2464 1108 2532 hyeme
1140 2471 1323 2518 marcescunt
1353 2465 1437 2517 folia:
1476 2467 1548 2518 radi

379 2551 525 2610 restibilis.

447 2641 540 2713 Vulgb
573 2643 720 2696 Osmunda
748 2642 775 2694 in
808 2643 911 2714 Belgio
944 2641 1061 2695 dicitur:
1097 2639 1204 2695 rectius
1236 2642 1309 2695 Filix
1336 2641 1481 2710 palustris
1517 2659 1549 2696 ar

378 2732 516 2802 aquatilis
543 2741 742 2801 nuncupatur:
775 2734 849 2788 Sunt
877 2733 924 2802 qui
951 2733 1149 2786 Filioastrum:
1183 2734 1315 2804 plerique
1348 2746 1386 2781 ex
1415 2729 1549 2795 Chymio

379 2820 536 2874 Lunariem
557 2820 697 2889 majorem
717 2828 836 2875 roeaut:
856 2822 988 2877 Valerius
1012 2822 1120 2876 Cordus
1149 2823 1265 2876 Filieem
1296 2815 1451 2871 latifoliam
1483 2819 1549 2872 faci

380 2908 503 2962 Videtur
523 2915 622 2962 autem
643 2912 720 2964 haud
752 2911 896 2964 dissimilis
924 2913 951 2966 ei
970 2911 1061 2980 filici,
1089 2928 1163 2982 quae
1187 2907 1280 2979 πτέρις
1298 2903 1401 2974 μεγάλη
1425 2904 1444 2957 a
1465 2907 1549 2962 The<

378 2998 497 3068 phrasto
518 3001 693 3069 appellatur,
713 3002 757 3053 cui
778 3001 968 3072 Polypodium
988 3001 1079 3055 simile
1097 2999 1180 3053 facit:
1206 3014 1274 3050 nam
1302 2994 1386 3048 huius
1415 2995 1547 3066 singula

379 3086 455 3153 lolio,
485 3089 634 3158 Polypodij
667 3091 765 3143 folium
795 3091 866 3144 satis
895 3090 987 3144 simile
1016 3097 1070 3144 est.
1099 3071 1346 3151 Germanissstnl'l
1366 3085 1437 3151 iata:
1457 3088 1546 3157 Belg

381 3177 475 3234 &recte
493 3186 578 3246 boren,
596 3177 650 3232 ortt
669 3187 752 3233 ossea
1206 3195 1208 3199 ·
1445 3174 1448 3178 ’

445 3267 541 3320 Radix
572 3266 656 3320 huius
688 3271 719 3318 et
746 3269 842 3322 calida
874 3285 986 3340 quoque
1016 3273 1061 3320 est
1089 3285 1122 3321 ao
1151 3265 1241 3328 sicca,
1271 3265 1321 3318 sed
1349 3262 1443 3316 minus
1476 3264 1549 3332 quin

378 3356 566 3424 superiorum.
596 3356 682 3410 Vtilis
713 3357 850 3423 hebetur,
879 3373 913 3409 ac
938 3355 1111 3425 praesertim
1141 3355 1216 3424 quod
1247 3355 1307 3408 eius
1338 3354 1480 3420 medinm,
1510 3371 1549 3407 no

378 3446 460 3498 modo
480 3445 652 3512 vulneratis,
673 3447 722 3498 sed
744 3452 774 3497 et
793 3446 893 3510 caesis,
915 3443 1018 3512 ruptis,
1038 3461 1076 3496 ex
1096 3445 1156 3496 alto
1177 3444 1349 3514 deturbatis,
1371 3445 1497 3495 decocta
1521 3461 1549 3498 v«

379 3535 466 3588 etiam
485 3541 562 3602 tusa,
588 3540 699 3588 etcum
720 3535 827 3605 liquore
847 3533 941 3603 aliquo
965 3539 1096 3600 sumpta:
1128 3533 1158 3584 In
1189 3533 1322 3599 decoctis,
1351 3549 1424 3602 quae
1456 3533 1549 3584 vulne

378 3625 458 3678 racia
476 3623 654 3678 recentiores
674 3625 834 3694 appellant,
855 3639 891 3676 ea
910 3623 946 3674 de
963 3637 1053 3675 causa
1073 3624 1109 3676 ab
1137 3622 1299 3691 Empyricis
1328 3621 1455 3673 additur.
1487 3621 1549 3674 Sur

379 3715 425 3786 qui
459 3719 570 3769 tantam
601 3715 684 3768 huius
713 3714 850 3784 potetiam
884 3711 1064 3780 existiment,
1094 3719 1125 3766 et
1154 3713 1324 3783 sanguinem
1354 3705 1462 3762 alicubi
1483 3706 1549 3765 intr

379 3822 481 3876 corpus
500 3805 671 3859 haerentem
692 3821 726 3857 ao
746 3811 911 3858 concretum
932 3803 1090 3860 dissoluere
1111 3808 1209 3875 queat,
1233 3807 1264 3857 et
1288 3801 1366 3855 foras
1390 3795 1483 3850 etiam
1513 3815 1549 3866 ps

379 3898 482 3948 vulnus
501 3895 662 3964 expellere.
1380 3898 1382 3903 '

408 4025 519 4084 Adam
537 4025 686 4084 Lonloer
711 4025 802 4078 bildet
830 4025 859 4078 in
888 4024 998 4078 seinem
1027 4022 1250 4076 Krituterboche
1277 4021 1376 4088 (1569)
1410 4019 1549 4074 Osmund

306 4116 414 4186 regalis
433 4113 485 4170 ruit
504 4117 598 4170 einem
617 4115 753 4168 Rhizome
773 4117 819 4184 ab,
841 4115 965 4169 welches
986 4117 1001 4168 t
1021 4113 1121 4167 sterile
1142 4114 1257 4166 Blatter
1285 4115 1381 4182 trbgt3
1414 4111 1469 4161 das
1499 4109 1549 4161 ein

307 4202 345 4256 ist
364 4203 495 4272 doppelt,
516 4207 567 4258 das
588 4208 698 4260 andere
718 4204 835 4258 einfach
861 4204 1016 4276 geliedert.
1044 4201 1100 4256 Die
1129 4201 1301 4273 Abbildung
1328 4201 1368 4254 ist
1395 4200 1465 4252 sehr
1494 4207 1549 4269 gul

308 4293 354 4346 die
372 4292 532 4348 Nerration
551 4295 641 4350 durch
662 4295 795 4350 einieobe
814 4294 925 4350 Striche
945 4294 1135 4364 angedeutet.
1156 4291 1224 4346 Seiu
1238 4293 1313 4344 Text
1331 4290 1369 4343 ist
1388 4289 1465 4341 ohne
1487 4291 1549 4344 alle

307 4381 459 4435 Interesse.
480 4383 520 4435 Er
540 4390 632 4437 neunt
654 4384 801 4438 Osmuuda
821 4383 928 4454 „Gross
949 4379 1299 4436 waldram-weitaim.
