<?xml version="1.0" encoding="UTF-8"?>
<!DOCTYPE html PUBLIC "-//W3C//DTD XHTML 1.0 Transitional//EN"
    "http://www.w3.org/TR/xhtml1/DTD/xhtml1-transitional.dtd">
<html xmlns="http://www.w3.org/1999/xhtml" xml:lang="en" lang="en">
 <head>
  <title>
</title>
<meta http-equiv="Content-Type" content="text/html;charset=utf-8" />
  <meta name='ocr-system' content='tesseract 3.04.00' />
  <meta name='ocr-capabilities' content='ocr_page ocr_carea ocr_par ocr_line ocrx_word'/>
</head>
<body>
  <div class='ocr_page' id='page_1' title='image "./monographiagene00mildgoog_0013.png"; bbox 0 0 3206 5254; ppageno 0'>
   <div class='ocr_carea' id='block_1_1' title="bbox 308 545 325 596">
    <p class='ocr_par' dir='ltr' id='par_1_1' title="bbox 308 545 325 596">
     <span class='ocr_line' id='line_1_1' title="bbox 308 545 325 596; baseline 0 0"><span class='ocrx_word' id='word_1_1' title='bbox 308 545 325 596; x_wconf 74' lang='grc'><strong>4</strong></span> 
     </span>
    </p>
   </div>
   <div class='ocr_carea' id='block_1_2' title="bbox 377 686 1560 942">
    <p class='ocr_par' dir='ltr' id='par_1_2' title="bbox 377 686 1560 942">
     <span class='ocr_line' id='line_1_2' title="bbox 377 686 1560 758; baseline -0.006 -11"><span class='ocrx_word' id='word_1_2' title='bbox 377 701 476 747; x_wconf 87' lang='lat' dir='ltr'>tamen</span> <span class='ocrx_word' id='word_1_3' title='bbox 496 697 642 758; x_wconf 87' lang='lat' dir='ltr'>utcunque</span> <span class='ocrx_word' id='word_1_4' title='bbox 662 701 827 741; x_wconf 84' lang='lat' dir='ltr'>mucronem</span> <span class='ocrx_word' id='word_1_5' title='bbox 847 686 1022 746; x_wconf 80' lang='lat' dir='ltr'>desinentia,</span> <span class='ocrx_word' id='word_1_6' title='bbox 1042 701 1131 738; x_wconf 83' lang='lat' dir='ltr'>nervo</span> <span class='ocrx_word' id='word_1_7' title='bbox 1155 703 1208 756; x_wconf 89' lang='lat' dir='ltr'>per</span> <span class='ocrx_word' id='word_1_8' title='bbox 1236 689 1356 755; x_wconf 84' lang='lat' dir='ltr'>longum</span> <span class='ocrx_word' id='word_1_9' title='bbox 1382 687 1560 740; x_wconf 80' lang='lat' dir='ltr'>decurrente</span> 
     </span>
     <span class='ocr_line' id='line_1_3' title="bbox 377 776 1559 852; baseline -0.004 -15"><span class='ocrx_word' id='word_1_10' title='bbox 377 781 558 852; x_wconf 78' lang='lat' dir='ltr'>exporrectis</span> <span class='ocrx_word' id='word_1_11' title='bbox 578 780 607 831; x_wconf 92' lang='lat' dir='ltr'>in</span> <span class='ocrx_word' id='word_1_12' title='bbox 627 779 776 848; x_wconf 79' lang='lat' dir='ltr'>margines</span> <span class='ocrx_word' id='word_1_13' title='bbox 796 776 857 848; x_wconf 87' lang='lat' dir='ltr'>(qui</span> <span class='ocrx_word' id='word_1_14' title='bbox 878 776 985 846; x_wconf 80' lang='lat' dir='ltr'>integri</span> <span class='ocrx_word' id='word_1_15' title='bbox 1013 783 1083 828; x_wconf 88' lang='lat' dir='ltr'>suut</span> <span class='ocrx_word' id='word_1_16' title='bbox 1109 793 1164 830; x_wconf 88' lang='lat' dir='ltr'>uec</span> <span class='ocrx_word' id='word_1_17' title='bbox 1192 776 1284 829; x_wconf 86' lang='lat' dir='ltr'>crenis</span> <span class='ocrx_word' id='word_1_18' title='bbox 1314 778 1410 843; x_wconf 82' lang='lat' dir='ltr'>secti),</span> <span class='ocrx_word' id='word_1_19' title='bbox 1437 779 1559 832; x_wconf 84' lang='lat' dir='ltr'>infinitis</span> 
     </span>
     <span class='ocr_line' id='line_1_4' title="bbox 377 865 1449 942; baseline -0.007 -18"><span class='ocrx_word' id='word_1_20' title='bbox 377 871 493 942; x_wconf 85' lang='lat' dir='ltr'>oblique</span> <span class='ocrx_word' id='word_1_21' title='bbox 512 868 626 922; x_wconf 81' lang='lat' dir='ltr'>venulis</span> <span class='ocrx_word' id='word_1_22' title='bbox 646 875 703 921; x_wconf 82' lang='lat' dir='ltr'>etc.</span> <span class='ocrx_word' id='word_1_23' title='bbox 722 875 778 920; x_wconf 88' lang='lat' dir='ltr'>etc.</span> <span class='ocrx_word' id='word_1_24' title='bbox 798 883 864 920; x_wconf 85' lang='lat' dir='ltr'>uam</span> <span class='ocrx_word' id='word_1_25' title='bbox 885 866 993 918; x_wconf 86' lang='lat' dir='ltr'>sterilis</span> <span class='ocrx_word' id='word_1_26' title='bbox 1013 873 1044 918; x_wconf 85' lang='lat' dir='ltr'>et</span> <span class='ocrx_word' id='word_1_27' title='bbox 1064 866 1139 919; x_wconf 89' lang='lat' dir='ltr'>haec</span> <span class='ocrx_word' id='word_1_28' title='bbox 1157 865 1220 917; x_wconf 84' lang='lat' dir='ltr'>filix</span> <span class='ocrx_word' id='word_1_29' title='bbox 1239 865 1283 917; x_wconf 85' lang='lat' dir='ltr'>uti</span> <span class='ocrx_word' id='word_1_30' title='bbox 1302 866 1449 919; x_wconf 76' lang='lat' dir='ltr'>ceterae.“</span> 
     </span>
    </p>
   </div>
   <div class='ocr_carea' id='block_1_3' title="bbox 303 979 1563 1774">
    <p class='ocr_par' dir='ltr' id='par_1_3' title="bbox 303 979 1563 1774">
     <span class='ocr_line' id='line_1_5' title="bbox 406 979 1559 1048; baseline -0.002 -9"><span class='ocrx_word' id='word_1_31' title='bbox 406 985 495 1038; x_wconf 83' lang='lat' dir='ltr'>Diese</span> <span class='ocrx_word' id='word_1_32' title='bbox 523 986 624 1048; x_wconf 77' lang='lat' dir='ltr'>letata,</span> <span class='ocrx_word' id='word_1_33' title='bbox 653 984 681 1036; x_wconf 91' lang='lat' dir='ltr'>in</span> <span class='ocrx_word' id='word_1_34' title='bbox 711 983 770 1034; x_wconf 90' lang='lat' dir='ltr'>deu</span> <span class='ocrx_word' id='word_1_35' title='bbox 798 981 989 1034; x_wconf 83' lang='lat' dir='ltr'>botanischeu</span> <span class='ocrx_word' id='word_1_36' title='bbox 1017 981 1147 1033; x_wconf 79' lang='lat' dir='ltr'>Werken</span> <span class='ocrx_word' id='word_1_37' title='bbox 1173 979 1264 1047; x_wconf 85' lang='lat' dir='ltr'>jener</span> <span class='ocrx_word' id='word_1_38' title='bbox 1295 982 1361 1034; x_wconf 88' lang='lat' dir='ltr'>Zeit</span> <span class='ocrx_word' id='word_1_39' title='bbox 1389 985 1447 1035; x_wconf 87' lang='lat' dir='ltr'>und</span> <span class='ocrx_word' id='word_1_40' title='bbox 1468 984 1559 1037; x_wconf 84' lang='lat' dir='ltr'>sehon</span> 
     </span>
     <span class='ocr_line' id='line_1_6' title="bbox 304 1071 1561 1138; baseline -0.002 -10"><span class='ocrx_word' id='word_1_41' title='bbox 304 1075 407 1128; x_wconf 79' lang='lat' dir='ltr'>irfiher</span> <span class='ocrx_word' id='word_1_42' title='bbox 425 1074 653 1126; x_wconf 82' lang='lat' dir='ltr'>vorkommeude</span> <span class='ocrx_word' id='word_1_43' title='bbox 672 1071 782 1124; x_wconf 85' lang='lat' dir='ltr'>Phrase</span> <span class='ocrx_word' id='word_1_44' title='bbox 802 1072 839 1122; x_wconf 89' lang='lat' dir='ltr'>ist</span> <span class='ocrx_word' id='word_1_45' title='bbox 863 1072 911 1123; x_wconf 85' lang='lat' dir='ltr'>fiir</span> <span class='ocrx_word' id='word_1_46' title='bbox 936 1071 981 1122; x_wconf 89' lang='lat' dir='ltr'>die</span> <span class='ocrx_word' id='word_1_47' title='bbox 1006 1072 1246 1138; x_wconf 78' lang='lat' dir='ltr'>Auschauungen</span> <span class='ocrx_word' id='word_1_48' title='bbox 1275 1073 1326 1122; x_wconf 88' lang='lat' dir='ltr'>der</span> <span class='ocrx_word' id='word_1_49' title='bbox 1353 1071 1435 1124; x_wconf 82' lang='lat' dir='ltr'>alten</span> <span class='ocrx_word' id='word_1_50' title='bbox 1462 1075 1561 1127; x_wconf 88' lang='lat' dir='ltr'>Bota-</span> 
     </span>
     <span class='ocr_line' id='line_1_7' title="bbox 304 1159 1561 1218; baseline -0.002 0"><span class='ocrx_word' id='word_1_51' title='bbox 304 1164 390 1218; x_wconf 85' lang='lat' dir='ltr'>niker</span> <span class='ocrx_word' id='word_1_52' title='bbox 417 1165 519 1217; x_wconf 84' lang='lat' dir='ltr'>hdohst</span> <span class='ocrx_word' id='word_1_53' title='bbox 542 1163 749 1215; x_wconf 81' lang='lat' dir='ltr'>bezeichnend.</span> <span class='ocrx_word' id='word_1_54' title='bbox 781 1162 836 1214; x_wconf 92' lang='lat' dir='ltr'>Die</span> <span class='ocrx_word' id='word_1_55' title='bbox 856 1161 1113 1214; x_wconf 71' lang='lat' dir='ltr'>Fruchthaul&#39;ohen</span> <span class='ocrx_word' id='word_1_56' title='bbox 1138 1163 1189 1213; x_wconf 87' lang='lat' dir='ltr'>der</span> <span class='ocrx_word' id='word_1_57' title='bbox 1211 1161 1304 1214; x_wconf 84' lang='lat' dir='ltr'>Fatue</span> <span class='ocrx_word' id='word_1_58' title='bbox 1323 1159 1456 1214; x_wconf 87' lang='lat' dir='ltr'>kouuteu</span> <span class='ocrx_word' id='word_1_59' title='bbox 1474 1163 1561 1216; x_wconf 85' lang='lat' dir='ltr'>ihren</span> 
     </span>
     <span class='ocr_line' id='line_1_8' title="bbox 304 1249 1562 1323; baseline -0.005 -15"><span class='ocrx_word' id='word_1_60' title='bbox 304 1255 428 1308; x_wconf 86' lang='lat' dir='ltr'>Bliclren</span> <span class='ocrx_word' id='word_1_61' title='bbox 456 1251 623 1323; x_wconf 75' lang='lat' dir='ltr'>unmoglich</span> <span class='ocrx_word' id='word_1_62' title='bbox 652 1253 817 1322; x_wconf 79' lang='lat' dir='ltr'>entgehen3</span> <span class='ocrx_word' id='word_1_63' title='bbox 848 1249 889 1302; x_wconf 89' lang='lat' dir='ltr'>sie</span> <span class='ocrx_word' id='word_1_64' title='bbox 919 1251 1010 1303; x_wconf 86' lang='lat' dir='ltr'>sahen</span> <span class='ocrx_word' id='word_1_65' title='bbox 1029 1251 1058 1303; x_wconf 89' lang='lat' dir='ltr'>iu</span> <span class='ocrx_word' id='word_1_66' title='bbox 1077 1249 1165 1302; x_wconf 89' lang='lat' dir='ltr'>ihneu</span> <span class='ocrx_word' id='word_1_67' title='bbox 1184 1251 1256 1302; x_wconf 90' lang='lat' dir='ltr'>aber</span> <span class='ocrx_word' id='word_1_68' title='bbox 1274 1249 1356 1303; x_wconf 87' lang='lat' dir='ltr'>nicht</span> <span class='ocrx_word' id='word_1_69' title='bbox 1375 1251 1421 1302; x_wconf 93' lang='lat' dir='ltr'>die</span> <span class='ocrx_word' id='word_1_70' title='bbox 1440 1252 1562 1304; x_wconf 76' lang='lat' dir='ltr'>Fructi-</span> 
     </span>
     <span class='ocr_line' id='line_1_9' title="bbox 303 1337 1561 1399; baseline -0.004 0"><span class='ocrx_word' id='word_1_71' title='bbox 303 1344 420 1399; x_wconf 80' lang='lat' dir='ltr'>floatiou</span> <span class='ocrx_word' id='word_1_72' title='bbox 448 1344 544 1396; x_wconf 87' lang='lat' dir='ltr'>dieser</span> <span class='ocrx_word' id='word_1_73' title='bbox 573 1341 744 1395; x_wconf 77' lang='lat' dir='ltr'>Gewtiohse.</span> <span class='ocrx_word' id='word_1_74' title='bbox 776 1341 812 1396; x_wconf 86' lang='lat' dir='ltr'>So</span> <span class='ocrx_word' id='word_1_75' title='bbox 840 1345 958 1394; x_wconf 71' lang='lat' dir='ltr'>sussen</span> <span class='ocrx_word' id='word_1_76' title='bbox 986 1340 1047 1392; x_wconf 86' lang='lat' dir='ltr'>sich</span> <span class='ocrx_word' id='word_1_77' title='bbox 1076 1339 1151 1392; x_wconf 84' lang='lat' dir='ltr'>auch</span> <span class='ocrx_word' id='word_1_78' title='bbox 1179 1337 1346 1392; x_wconf 86' lang='lat' dir='ltr'>Valerius</span> <span class='ocrx_word' id='word_1_79' title='bbox 1375 1339 1505 1394; x_wconf 87' lang='lat' dir='ltr'>Gordus</span> <span class='ocrx_word' id='word_1_80' title='bbox 1530 1343 1561 1394; x_wconf 92' lang='lat' dir='ltr'>in</span> 
     </span>
     <span class='ocr_line' id='line_1_10' title="bbox 303 1426 1561 1487; baseline -0.005 0"><span class='ocrx_word' id='word_1_81' title='bbox 303 1435 403 1487; x_wconf 85' lang='lat' dir='ltr'>seinen</span> <span class='ocrx_word' id='word_1_82' title='bbox 423 1431 638 1486; x_wconf 87' lang='lat' dir='ltr'>Anuotationes</span> <span class='ocrx_word' id='word_1_83' title='bbox 658 1432 686 1483; x_wconf 93' lang='lat' dir='ltr'>in</span> <span class='ocrx_word' id='word_1_84' title='bbox 706 1429 826 1483; x_wconf 85' lang='lat' dir='ltr'>Pedacii</span> <span class='ocrx_word' id='word_1_85' title='bbox 846 1429 1022 1482; x_wconf 79' lang='lat' dir='ltr'>Dioscuridis</span> <span class='ocrx_word' id='word_1_86' title='bbox 1050 1427 1210 1481; x_wconf 77' lang='lat' dir='ltr'>Anazarbli</span> <span class='ocrx_word' id='word_1_87' title='bbox 1238 1429 1275 1478; x_wconf 86' lang='lat' dir='ltr'>de</span> <span class='ocrx_word' id='word_1_88' title='bbox 1293 1426 1419 1480; x_wconf 86' lang='lat' dir='ltr'>materia</span> <span class='ocrx_word' id='word_1_89' title='bbox 1442 1429 1561 1482; x_wconf 88' lang='lat' dir='ltr'>medica</span> 
     </span>
     <span class='ocr_line' id='line_1_11' title="bbox 304 1517 1562 1590; baseline -0.004 -13"><span class='ocrx_word' id='word_1_90' title='bbox 304 1523 406 1589; x_wconf 72' lang='lat'>(1549)</span> <span class='ocrx_word' id='word_1_91' title='bbox 427 1524 500 1574; x_wconf 80' lang='lat' dir='ltr'>dber</span> <span class='ocrx_word' id='word_1_92' title='bbox 519 1522 606 1573; x_wconf 87' lang='lat' dir='ltr'>einen</span> <span class='ocrx_word' id='word_1_93' title='bbox 619 1519 709 1572; x_wconf 80' lang='lat' dir='ltr'>Fara:</span> <span class='ocrx_word' id='word_1_94' title='bbox 730 1517 885 1590; x_wconf 79' lang='lat' dir='ltr'>„Quamvis</span> <span class='ocrx_word' id='word_1_95' title='bbox 904 1534 957 1569; x_wconf 84' lang='lat' dir='ltr'>neo</span> <span class='ocrx_word' id='word_1_96' title='bbox 977 1519 1088 1569; x_wconf 87' lang='lat' dir='ltr'>caulem</span> <span class='ocrx_word' id='word_1_97' title='bbox 1109 1532 1204 1584; x_wconf 85' lang='lat' dir='ltr'>neque</span> <span class='ocrx_word' id='word_1_98' title='bbox 1221 1517 1305 1568; x_wconf 84' lang='lat' dir='ltr'>dores</span> <span class='ocrx_word' id='word_1_99' title='bbox 1324 1533 1420 1586; x_wconf 89' lang='lat' dir='ltr'>neque</span> <span class='ocrx_word' id='word_1_100' title='bbox 1439 1534 1562 1572; x_wconf 86' lang='lat' dir='ltr'>semen</span> 
     </span>
     <span class='ocr_line' id='line_1_12' title="bbox 303 1603 1563 1682; baseline -0.004 -15"><span class='ocrx_word' id='word_1_101' title='bbox 303 1613 393 1679; x_wconf 81' lang='lat' dir='ltr'>ierat,</span> <span class='ocrx_word' id='word_1_102' title='bbox 412 1618 561 1682; x_wconf 73' lang='lat' dir='ltr'>propagat</span> <span class='ocrx_word' id='word_1_103' title='bbox 581 1627 612 1661; x_wconf 88' lang='lat' dir='ltr'>se</span> <span class='ocrx_word' id='word_1_104' title='bbox 631 1619 729 1661; x_wconf 83' lang='lat' dir='ltr'>tamen</span> <span class='ocrx_word' id='word_1_105' title='bbox 751 1609 880 1676; x_wconf 84' lang='lat' dir='ltr'>disperso</span> <span class='ocrx_word' id='word_1_106' title='bbox 900 1603 996 1658; x_wconf 84' lang='lat' dir='ltr'>ventis</span> <span class='ocrx_word' id='word_1_107' title='bbox 1020 1605 1133 1658; x_wconf 87' lang='lat' dir='ltr'>hirsuto</span> <span class='ocrx_word' id='word_1_108' title='bbox 1161 1606 1293 1675; x_wconf 74' lang='lat' dir='ltr'>flavoque</span> <span class='ocrx_word' id='word_1_109' title='bbox 1320 1607 1452 1675; x_wconf 73' lang='lat' dir='ltr'>pulvere,</span> <span class='ocrx_word' id='word_1_110' title='bbox 1479 1609 1563 1662; x_wconf 85' lang='lat' dir='ltr'>foliis</span> 
     </span>
     <span class='ocr_line' id='line_1_13' title="bbox 305 1693 1214 1774; baseline -0.013 -16"><span class='ocrx_word' id='word_1_111' title='bbox 305 1719 323 1758; x_wconf 86' lang='lat' dir='ltr'>a</span> <span class='ocrx_word' id='word_1_112' title='bbox 342 1709 429 1774; x_wconf 91' lang='lat' dir='ltr'>tergo</span> <span class='ocrx_word' id='word_1_113' title='bbox 448 1701 633 1753; x_wconf 73' lang='lat' dir='ltr'>adhaerente</span> <span class='ocrx_word' id='word_1_114' title='bbox 651 1715 703 1751; x_wconf 82' lang='lat' dir='ltr'>ceu</span> <span class='ocrx_word' id='word_1_115' title='bbox 723 1699 855 1766; x_wconf 86' lang='lat' dir='ltr'>reliquae</span> <span class='ocrx_word' id='word_1_116' title='bbox 874 1712 972 1748; x_wconf 86' lang='lat' dir='ltr'>omues</span> <span class='ocrx_word' id='word_1_117' title='bbox 992 1694 1054 1763; x_wconf 87' lang='lat' dir='ltr'>ejus</span> <span class='ocrx_word' id='word_1_118' title='bbox 1074 1693 1214 1762; x_wconf 77' lang='lat' dir='ltr'>species.“</span> 
     </span>
    </p>
   </div>
   <div class='ocr_carea' id='block_1_4' title="bbox 303 1821 1563 2080">
    <p class='ocr_par' dir='ltr' id='par_1_4' title="bbox 303 1821 1563 2080">
     <span class='ocr_line' id='line_1_14' title="bbox 406 1821 1562 1898; baseline -0.004 -10"><span class='ocrx_word' id='word_1_119' title='bbox 406 1827 443 1888; x_wconf 72' lang='lat'>⁰.</span> <span class='ocrx_word' id='word_1_120' title='bbox 463 1829 604 1886; x_wconf 63' lang='lat' dir='ltr'>nubta</span> <span class='ocrx_word' id='word_1_121' title='bbox 635 1829 783 1898; x_wconf 81' lang='lat' dir='ltr'>bespricht</span> <span class='ocrx_word' id='word_1_122' title='bbox 813 1829 842 1880; x_wconf 90' lang='lat' dir='ltr'>in</span> <span class='ocrx_word' id='word_1_123' title='bbox 866 1828 974 1880; x_wconf 86' lang='lat' dir='ltr'>seinem</span> <span class='ocrx_word' id='word_1_124' title='bbox 1000 1821 1261 1875; x_wconf 82' lang='grc' dir='ltr'><em>ΠΡΟΔΡΟΜΟΣ</em></span> <span class='ocrx_word' id='word_1_125' title='bbox 1283 1827 1403 1880; x_wconf 79' lang='lat' dir='ltr'>Theatri</span> <span class='ocrx_word' id='word_1_126' title='bbox 1425 1830 1562 1884; x_wconf 84' lang='lat' dir='ltr'>botanici</span> 
     </span>
     <span class='ocr_line' id='line_1_15' title="bbox 303 1916 1563 1988; baseline -0.002 -11"><span class='ocrx_word' id='word_1_127' title='bbox 303 1923 403 1988; x_wconf 77' lang='grc'>(1650)</span> <span class='ocrx_word' id='word_1_128' title='bbox 418 1923 455 1973; x_wconf 90' lang='lat' dir='ltr'>im</span> <span class='ocrx_word' id='word_1_129' title='bbox 469 1923 511 1975; x_wconf 80' lang='lat' dir='ltr'>ld.</span> <span class='ocrx_word' id='word_1_130' title='bbox 527 1921 625 1971; x_wconf 83' lang='lat' dir='ltr'>Buche</span> <span class='ocrx_word' id='word_1_131' title='bbox 638 1921 664 1971; x_wconf 83' lang='lat'>3.</span> <span class='ocrx_word' id='word_1_132' title='bbox 677 1918 806 1987; x_wconf 85' lang='lat' dir='ltr'>Capitel:</span> <span class='ocrx_word' id='word_1_133' title='bbox 827 1917 889 1987; x_wconf 77' lang='lat' dir='ltr'>„De</span> <span class='ocrx_word' id='word_1_134' title='bbox 902 1916 1010 1970; x_wconf 51' lang='lat' dir='ltr'>uine&amp;</span> <span class='ocrx_word' id='word_1_135' title='bbox 1024 1917 1256 1982; x_wconf 82' lang='lat' dir='ltr'>iiberschrieben‚</span> <span class='ocrx_word' id='word_1_136' title='bbox 1276 1935 1382 1972; x_wconf 76' lang='lat' dir='ltr'>misere</span> <span class='ocrx_word' id='word_1_137' title='bbox 1403 1921 1563 1977; x_wconf 80' lang='lat' dir='ltr'>Oemunda</span> 
     </span>
     <span class='ocr_line' id='line_1_16' title="bbox 304 2009 625 2080; baseline -0.016 -15"><span class='ocrx_word' id='word_1_138' title='bbox 304 2013 347 2066; x_wconf 77' lang='lat' dir='ltr'>als</span> <span class='ocrx_word' id='word_1_139' title='bbox 367 2009 447 2065; x_wconf 69' lang='lat' dir='ltr'>Filio</span> <span class='ocrx_word' id='word_1_140' title='bbox 465 2011 625 2080; x_wconf 78' lang='lat' dir='ltr'>palustris:</span> 
     </span>
    </p>
   </div>
   <div class='ocr_carea' id='block_1_5' title="bbox 370 2115 1563 3606">
    <p class='ocr_par' dir='ltr' id='par_1_5' title="bbox 370 2115 1563 3606">
     <span class='ocr_line' id='line_1_17' title="bbox 441 2115 1562 2192; baseline 0.003 -18"><span class='ocrx_word' id='word_1_141' title='bbox 441 2120 534 2192; x_wconf 76' lang='lat' dir='ltr'>,mlix</span> <span class='ocrx_word' id='word_1_142' title='bbox 563 2119 704 2189; x_wconf 83' lang='lat' dir='ltr'>palustris</span> <span class='ocrx_word' id='word_1_143' title='bbox 733 2117 863 2169; x_wconf 82' lang='lat' dir='ltr'>maxima</span> <span class='ocrx_word' id='word_1_144' title='bbox 886 2115 987 2170; x_wconf 75' lang='lat' dir='ltr'>radice</span> <span class='ocrx_word' id='word_1_145' title='bbox 1018 2125 1065 2170; x_wconf 86' lang='lat' dir='ltr'>est</span> <span class='ocrx_word' id='word_1_146' title='bbox 1082 2117 1207 2171; x_wconf 83' lang='lat' dir='ltr'>omnium</span> <span class='ocrx_word' id='word_1_147' title='bbox 1236 2120 1340 2174; x_wconf 77' lang='lat' dir='ltr'>filicum</span> <span class='ocrx_word' id='word_1_148' title='bbox 1368 2121 1562 2192; x_wconf 74' lang='lat' dir='ltr'>emmissima,</span> 
     </span>
     <span class='ocr_line' id='line_1_18' title="bbox 375 2206 1563 2280; baseline 0.002 -17"><span class='ocrx_word' id='word_1_149' title='bbox 375 2213 446 2263; x_wconf 88' lang='lat' dir='ltr'>duos</span> <span class='ocrx_word' id='word_1_150' title='bbox 465 2225 581 2280; x_wconf 86' lang='lat' dir='ltr'>pugnos</span> <span class='ocrx_word' id='word_1_151' title='bbox 601 2211 770 2277; x_wconf 76' lang='lat' dir='ltr'>superante,</span> <span class='ocrx_word' id='word_1_152' title='bbox 790 2206 879 2274; x_wconf 88' lang='lat' dir='ltr'>nigra</span> <span class='ocrx_word' id='word_1_153' title='bbox 895 2208 978 2259; x_wconf 79' lang='lat' dir='ltr'>velut</span> <span class='ocrx_word' id='word_1_154' title='bbox 996 2223 1034 2258; x_wconf 85' lang='lat' dir='ltr'>ex</span> <span class='ocrx_word' id='word_1_155' title='bbox 1053 2207 1237 2260; x_wconf 76' lang='lat' dir='ltr'>crassimimis</span> <span class='ocrx_word' id='word_1_156' title='bbox 1259 2209 1385 2278; x_wconf 82' lang='lat' dir='ltr'>squamis</span> <span class='ocrx_word' id='word_1_157' title='bbox 1404 2220 1563 2280; x_wconf 83' lang='lat' dir='ltr'>compacta</span> 
     </span>
     <span class='ocr_line' id='line_1_19' title="bbox 375 2296 1562 2370; baseline -0.002 -16"><span class='ocrx_word' id='word_1_158' title='bbox 375 2307 406 2354; x_wconf 85' lang='lat' dir='ltr'>et</span> <span class='ocrx_word' id='word_1_159' title='bbox 425 2300 522 2352; x_wconf 87' lang='lat' dir='ltr'>multis</span> <span class='ocrx_word' id='word_1_160' title='bbox 541 2297 622 2351; x_wconf 84' lang='lat' dir='ltr'>flbris</span> <span class='ocrx_word' id='word_1_161' title='bbox 642 2297 733 2366; x_wconf 80' lang='lat' dir='ltr'>nigris</span> <span class='ocrx_word' id='word_1_162' title='bbox 753 2296 910 2365; x_wconf 73' lang='lat' dir='ltr'>capillata,</span> <span class='ocrx_word' id='word_1_163' title='bbox 930 2297 1007 2349; x_wconf 85' lang='lat' dir='ltr'>unde</span> <span class='ocrx_word' id='word_1_164' title='bbox 1020 2298 1148 2366; x_wconf 74' lang='lat' dir='ltr'>exurgit</span> <span class='ocrx_word' id='word_1_165' title='bbox 1165 2298 1238 2349; x_wconf 82' lang='lat' dir='ltr'>folia</span> <span class='ocrx_word' id='word_1_166' title='bbox 1249 2301 1335 2367; x_wconf 88' lang='lat' dir='ltr'>plura</span> <span class='ocrx_word' id='word_1_167' title='bbox 1352 2299 1562 2370; x_wconf 68' lang='lat' dir='ltr'>amorhentia,</span> 
     </span>
     <span class='ocr_line' id='line_1_20' title="bbox 373 2386 1560 2459; baseline 0.001 -17"><span class='ocrx_word' id='word_1_168' title='bbox 373 2396 434 2442; x_wconf 86' lang='lat' dir='ltr'>tres</span> <span class='ocrx_word' id='word_1_169' title='bbox 455 2389 568 2442; x_wconf 88' lang='lat' dir='ltr'>cubitos</span> <span class='ocrx_word' id='word_1_170' title='bbox 587 2386 767 2457; x_wconf 78' lang='lat' dir='ltr'>superantia,</span> <span class='ocrx_word' id='word_1_171' title='bbox 787 2386 816 2438; x_wconf 90' lang='lat' dir='ltr'>in</span> <span class='ocrx_word' id='word_1_172' title='bbox 841 2388 920 2438; x_wconf 85' lang='lat' dir='ltr'>latus</span> <span class='ocrx_word' id='word_1_173' title='bbox 938 2386 1115 2455; x_wconf 77' lang='lat' dir='ltr'>amplissime</span> <span class='ocrx_word' id='word_1_174' title='bbox 1133 2403 1280 2454; x_wconf 81' lang='lat' dir='ltr'>expansa:</span> <span class='ocrx_word' id='word_1_175' title='bbox 1300 2405 1418 2459; x_wconf 86' lang='lat' dir='ltr'>quorum</span> <span class='ocrx_word' id='word_1_176' title='bbox 1437 2391 1560 2459; x_wconf 88' lang='lat' dir='ltr'>pedicul</span> 
     </span>
     <span class='ocr_line' id='line_1_21' title="bbox 375 2475 1562 2550; baseline 0.002 -19"><span class='ocrx_word' id='word_1_177' title='bbox 375 2477 536 2541; x_wconf 82' lang='lat' dir='ltr'>ruiesoeus,</span> <span class='ocrx_word' id='word_1_178' title='bbox 556 2479 725 2547; x_wconf 83' lang='lat' dir='ltr'>angulosus,</span> <span class='ocrx_word' id='word_1_179' title='bbox 745 2491 843 2540; x_wconf 69' lang='lat' dir='ltr'>muns,</span> <span class='ocrx_word' id='word_1_180' title='bbox 869 2475 963 2527; x_wconf 82' lang='lat' dir='ltr'>instar</span> <span class='ocrx_word' id='word_1_181' title='bbox 981 2476 1101 2546; x_wconf 78' lang='lat' dir='ltr'>oblongi</span> <span class='ocrx_word' id='word_1_182' title='bbox 1119 2476 1285 2545; x_wconf 75' lang='lat' dir='ltr'>auriscalpii</span> <span class='ocrx_word' id='word_1_183' title='bbox 1309 2494 1345 2530; x_wconf 83' lang='lat' dir='ltr'>ex</span> <span class='ocrx_word' id='word_1_184' title='bbox 1364 2480 1463 2532; x_wconf 82' lang='lat' dir='ltr'>radice</span> <span class='ocrx_word' id='word_1_185' title='bbox 1481 2497 1562 2550; x_wconf 86' lang='lat' dir='ltr'>pro-</span> 
     </span>
     <span class='ocr_line' id='line_1_22' title="bbox 376 2565 1559 2638; baseline 0.003 -19"><span class='ocrx_word' id='word_1_186' title='bbox 376 2567 429 2635; x_wconf 86' lang='lat' dir='ltr'>dit,</span> <span class='ocrx_word' id='word_1_187' title='bbox 461 2567 509 2638; x_wconf 90' lang='lat' dir='ltr'>qui</span> <span class='ocrx_word' id='word_1_188' title='bbox 540 2568 589 2620; x_wconf 86' lang='lat' dir='ltr'>ubi</span> <span class='ocrx_word' id='word_1_189' title='bbox 619 2567 753 2635; x_wconf 88' lang='lat' dir='ltr'>pedalem</span> <span class='ocrx_word' id='word_1_190' title='bbox 781 2565 965 2617; x_wconf 75' lang='lat' dir='ltr'>altitudinem</span> <span class='ocrx_word' id='word_1_191' title='bbox 995 2567 1121 2634; x_wconf 82' lang='lat' dir='ltr'>adeptus</span> <span class='ocrx_word' id='word_1_192' title='bbox 1142 2573 1189 2618; x_wconf 79' lang='lat' dir='ltr'>est</span> <span class='ocrx_word' id='word_1_193' title='bbox 1207 2565 1327 2619; x_wconf 82' lang='lat' dir='ltr'>foliosus</span> <span class='ocrx_word' id='word_1_194' title='bbox 1343 2568 1486 2633; x_wconf 87' lang='lat' dir='ltr'>redditur,</span> <span class='ocrx_word' id='word_1_195' title='bbox 1516 2575 1559 2623; x_wconf 85' lang='lat' dir='ltr'>ad</span> 
     </span>
     <span class='ocr_line' id='line_1_23' title="bbox 378 2654 1559 2725; baseline 0.003 -16"><span class='ocrx_word' id='word_1_196' title='bbox 378 2657 491 2710; x_wconf 88' lang='lat' dir='ltr'>modum</span> <span class='ocrx_word' id='word_1_197' title='bbox 506 2655 601 2708; x_wconf 79' lang='lat' dir='ltr'>Filieis</span> <span class='ocrx_word' id='word_1_198' title='bbox 614 2655 702 2707; x_wconf 83' lang='lat' dir='ltr'>maris</span> <span class='ocrx_word' id='word_1_199' title='bbox 715 2654 862 2724; x_wconf 80' lang='lat' dir='ltr'>vulgaris:</span> <span class='ocrx_word' id='word_1_200' title='bbox 882 2670 948 2706; x_wconf 83' lang='lat' dir='ltr'>uam</span> <span class='ocrx_word' id='word_1_201' title='bbox 967 2655 1059 2708; x_wconf 81' lang='lat' dir='ltr'>veluti</span> <span class='ocrx_word' id='word_1_202' title='bbox 1073 2673 1112 2708; x_wconf 85' lang='lat' dir='ltr'>ex</span> <span class='ocrx_word' id='word_1_203' title='bbox 1122 2655 1251 2724; x_wconf 85' lang='lat' dir='ltr'>plurimis</span> <span class='ocrx_word' id='word_1_204' title='bbox 1269 2657 1375 2725; x_wconf 84' lang='lat' dir='ltr'>pinnis,</span> <span class='ocrx_word' id='word_1_205' title='bbox 1393 2661 1559 2713; x_wconf 86' lang='lat' dir='ltr'>secuudum</span> 
     </span>
     <span class='ocr_line' id='line_1_24' title="bbox 375 2745 1560 2816; baseline 0.007 -20"><span class='ocrx_word' id='word_1_206' title='bbox 375 2745 524 2814; x_wconf 81' lang='lat' dir='ltr'>margines</span> <span class='ocrx_word' id='word_1_207' title='bbox 542 2745 681 2811; x_wconf 70' lang='lat' dir='ltr'>erebatis,</span> <span class='ocrx_word' id='word_1_208' title='bbox 701 2750 732 2798; x_wconf 85' lang='lat' dir='ltr'>et</span> <span class='ocrx_word' id='word_1_209' title='bbox 749 2746 784 2795; x_wconf 82' lang='lat' dir='ltr'>ad</span> <span class='ocrx_word' id='word_1_210' title='bbox 806 2761 894 2797; x_wconf 87' lang='lat' dir='ltr'>unum</span> <span class='ocrx_word' id='word_1_211' title='bbox 914 2745 1078 2813; x_wconf 74' lang='lat' dir='ltr'>pediculum</span> <span class='ocrx_word' id='word_1_212' title='bbox 1098 2745 1323 2799; x_wconf 73' lang='lat' dir='ltr'>cohaerentibus</span> <span class='ocrx_word' id='word_1_213' title='bbox 1331 2755 1560 2816; x_wconf 87' lang='lat' dir='ltr'>componuntur.</span> 
     </span>
     <span class='ocr_line' id='line_1_25' title="bbox 373 2833 1561 2904; baseline 0.003 -17"><span class='ocrx_word' id='word_1_214' title='bbox 373 2835 481 2887; x_wconf 82' lang='lat' dir='ltr'>Verum</span> <span class='ocrx_word' id='word_1_215' title='bbox 502 2835 537 2886; x_wconf 90' lang='lat' dir='ltr'>ad</span> <span class='ocrx_word' id='word_1_216' title='bbox 559 2835 697 2899; x_wconf 84' lang='lat' dir='ltr'>radicem,</span> <span class='ocrx_word' id='word_1_217' title='bbox 717 2834 795 2886; x_wconf 86' lang='lat' dir='ltr'>inter</span> <span class='ocrx_word' id='word_1_218' title='bbox 814 2833 910 2886; x_wconf 86' lang='lat' dir='ltr'>media</span> <span class='ocrx_word' id='word_1_219' title='bbox 929 2834 1010 2902; x_wconf 81' lang='lat' dir='ltr'>lolia,</span> <span class='ocrx_word' id='word_1_220' title='bbox 1028 2837 1113 2904; x_wconf 86' lang='lat' dir='ltr'>plura</span> <span class='ocrx_word' id='word_1_221' title='bbox 1130 2835 1264 2888; x_wconf 82' lang='lat' dir='ltr'>foliorum</span> <span class='ocrx_word' id='word_1_222' title='bbox 1283 2835 1450 2889; x_wconf 81' lang='lat' dir='ltr'>rudimenta</span> <span class='ocrx_word' id='word_1_223' title='bbox 1467 2840 1561 2892; x_wconf 89' lang='lat' dir='ltr'>cubi-</span> 
     </span>
     <span class='ocr_line' id='line_1_26' title="bbox 373 2921 1560 2997; baseline 0.004 -20"><span class='ocrx_word' id='word_1_224' title='bbox 373 2925 456 2990; x_wconf 83' lang='lat' dir='ltr'>talia,</span> <span class='ocrx_word' id='word_1_225' title='bbox 474 2921 565 2976; x_wconf 84' lang='lat' dir='ltr'>veluti</span> <span class='ocrx_word' id='word_1_226' title='bbox 584 2921 746 2975; x_wconf 81' lang='lat' dir='ltr'>futurorum</span> <span class='ocrx_word' id='word_1_227' title='bbox 766 2922 918 2993; x_wconf 81' lang='lat' dir='ltr'>principia,</span> <span class='ocrx_word' id='word_1_228' title='bbox 938 2923 1166 2992; x_wconf 84' lang='lat' dir='ltr'>conspiciuntur,</span> <span class='ocrx_word' id='word_1_229' title='bbox 1185 2942 1219 2977; x_wconf 86' lang='lat' dir='ltr'>eo</span> <span class='ocrx_word' id='word_1_230' title='bbox 1236 2928 1331 2992; x_wconf 87' lang='lat' dir='ltr'>modo,</span> <span class='ocrx_word' id='word_1_231' title='bbox 1348 2945 1403 2997; x_wconf 89' lang='lat' dir='ltr'>quo</span> <span class='ocrx_word' id='word_1_232' title='bbox 1420 2927 1447 2980; x_wconf 89' lang='lat' dir='ltr'>in</span> <span class='ocrx_word' id='word_1_233' title='bbox 1462 2929 1560 2982; x_wconf 82' lang='lat' dir='ltr'>Filice</span> 
     </span>
     <span class='ocr_line' id='line_1_27' title="bbox 374 3011 1560 3088; baseline 0.006 -23"><span class='ocrx_word' id='word_1_234' title='bbox 374 3011 484 3081; x_wconf 82' lang='lat' dir='ltr'>dorida,</span> <span class='ocrx_word' id='word_1_235' title='bbox 504 3013 564 3064; x_wconf 81' lang='lat' dir='ltr'>sire</span> <span class='ocrx_word' id='word_1_236' title='bbox 584 3013 732 3066; x_wconf 86' lang='lat' dir='ltr'>Osmunda</span> <span class='ocrx_word' id='word_1_237' title='bbox 750 3013 843 3080; x_wconf 86' lang='lat' dir='ltr'>dicta,</span> <span class='ocrx_word' id='word_1_238' title='bbox 872 3013 951 3066; x_wconf 84' lang='lat' dir='ltr'>circa</span> <span class='ocrx_word' id='word_1_239' title='bbox 969 3029 1092 3066; x_wconf 83' lang='lat' dir='ltr'>summos</span> <span class='ocrx_word' id='word_1_240' title='bbox 1116 3017 1244 3068; x_wconf 80' lang='lat' dir='ltr'>ramulos</span> <span class='ocrx_word' id='word_1_241' title='bbox 1267 3025 1428 3086; x_wconf 79' lang='lat' dir='ltr'>apparent:</span> <span class='ocrx_word' id='word_1_242' title='bbox 1451 3017 1470 3069; x_wconf 76' lang='lat' dir='ltr'>a</span> <span class='ocrx_word' id='word_1_243' title='bbox 1496 3037 1560 3088; x_wconf 83' lang='lat' dir='ltr'>qua</span> 
     </span>
     <span class='ocr_line' id='line_1_28' title="bbox 374 3103 1561 3173; baseline 0.003 -15"><span class='ocrx_word' id='word_1_244' title='bbox 374 3110 474 3158; x_wconf 87' lang='lat' dir='ltr'>temen</span> <span class='ocrx_word' id='word_1_245' title='bbox 495 3103 603 3170; x_wconf 76' lang='lat' dir='ltr'>differt,</span> <span class='ocrx_word' id='word_1_246' title='bbox 624 3105 697 3173; x_wconf 88' lang='lat' dir='ltr'>quod</span> <span class='ocrx_word' id='word_1_247' title='bbox 719 3103 867 3157; x_wconf 85' lang='lat' dir='ltr'>Osmunda</span> <span class='ocrx_word' id='word_1_248' title='bbox 886 3104 984 3157; x_wconf 84' lang='lat' dir='ltr'>caules</span> <span class='ocrx_word' id='word_1_249' title='bbox 1004 3105 1083 3170; x_wconf 78' lang='lat' dir='ltr'>edat,</span> <span class='ocrx_word' id='word_1_250' title='bbox 1111 3110 1142 3156; x_wconf 90' lang='lat' dir='ltr'>et</span> <span class='ocrx_word' id='word_1_251' title='bbox 1161 3104 1285 3158; x_wconf 80' lang='lat' dir='ltr'>caulium</span> <span class='ocrx_word' id='word_1_252' title='bbox 1306 3105 1437 3171; x_wconf 72' lang='lat' dir='ltr'>mnis,</span> <span class='ocrx_word' id='word_1_253' title='bbox 1460 3110 1561 3162; x_wconf 77' lang='lat' dir='ltr'>veluti</span> 
     </span>
     <span class='ocr_line' id='line_1_29' title="bbox 371 3191 1559 3265; baseline 0.007 -21"><span class='ocrx_word' id='word_1_254' title='bbox 371 3191 458 3246; x_wconf 80' lang='lat' dir='ltr'>liores</span> <span class='ocrx_word' id='word_1_255' title='bbox 477 3193 540 3246; x_wconf 81' lang='lat' dir='ltr'>sive</span> <span class='ocrx_word' id='word_1_256' title='bbox 558 3194 697 3246; x_wconf 87' lang='lat' dir='ltr'>seminum</span> <span class='ocrx_word' id='word_1_257' title='bbox 716 3194 883 3248; x_wconf 86' lang='lat' dir='ltr'>rudimenta</span> <span class='ocrx_word' id='word_1_258' title='bbox 901 3195 1094 3263; x_wconf 73' lang='lat' dir='ltr'>adhaereant,</span> <span class='ocrx_word' id='word_1_259' title='bbox 1114 3201 1145 3248; x_wconf 88' lang='lat' dir='ltr'>et</span> <span class='ocrx_word' id='word_1_260' title='bbox 1163 3195 1234 3247; x_wconf 81' lang='lat' dir='ltr'>lidia</span> <span class='ocrx_word' id='word_1_261' title='bbox 1251 3196 1360 3249; x_wconf 80' lang='lat' dir='ltr'>habeut</span> <span class='ocrx_word' id='word_1_262' title='bbox 1378 3196 1504 3265; x_wconf 81' lang='lat' dir='ltr'>latiora,</span> <span class='ocrx_word' id='word_1_263' title='bbox 1524 3207 1559 3252; x_wconf 85' lang='lat' dir='ltr'>et</span> 
     </span>
     <span class='ocr_line' id='line_1_30' title="bbox 371 3283 1560 3354; baseline 0.006 -19"><span class='ocrx_word' id='word_1_264' title='bbox 371 3283 595 3354; x_wconf 83' lang='lat' dir='ltr'>haudquaquam</span> <span class='ocrx_word' id='word_1_265' title='bbox 627 3299 681 3353; x_wconf 87' lang='lat' dir='ltr'>per</span> <span class='ocrx_word' id='word_1_266' title='bbox 708 3283 858 3353; x_wconf 80' lang='lat' dir='ltr'>margines</span> <span class='ocrx_word' id='word_1_267' title='bbox 885 3289 1009 3338; x_wconf 79' lang='lat' dir='ltr'>serrata</span> <span class='ocrx_word' id='word_1_268' title='bbox 1048 3285 1130 3337; x_wconf 80' lang='lat' dir='ltr'>Hauc</span> <span class='ocrx_word' id='word_1_269' title='bbox 1163 3285 1233 3337; x_wconf 82' lang='lat' dir='ltr'>locis</span> <span class='ocrx_word' id='word_1_270' title='bbox 1264 3285 1443 3354; x_wconf 81' lang='lat' dir='ltr'>palustribus</span> <span class='ocrx_word' id='word_1_271' title='bbox 1473 3288 1560 3342; x_wconf 83' lang='lat' dir='ltr'>circa</span> 
     </span>
     <span class='ocr_line' id='line_1_31' title="bbox 370 3373 1560 3444; baseline 0.005 -21"><span class='ocrx_word' id='word_1_272' title='bbox 370 3373 503 3425; x_wconf 82' lang='lat' dir='ltr'>thermas</span> <span class='ocrx_word' id='word_1_273' title='bbox 522 3373 684 3426; x_wconf 83' lang='lat' dir='ltr'>Marobicas</span> <span class='ocrx_word' id='word_1_274' title='bbox 703 3373 819 3442; x_wconf 82' lang='lat' dir='ltr'>copiose</span> <span class='ocrx_word' id='word_1_275' title='bbox 837 3375 1072 3428; x_wconf 74' lang='lat' dir='ltr'>observavimus:</span> <span class='ocrx_word' id='word_1_276' title='bbox 1089 3375 1245 3444; x_wconf 82' lang='lat' dir='ltr'>aliquando</span> <span class='ocrx_word' id='word_1_277' title='bbox 1264 3375 1293 3426; x_wconf 89' lang='lat' dir='ltr'>in</span> <span class='ocrx_word' id='word_1_278' title='bbox 1312 3374 1398 3426; x_wconf 86' lang='lat' dir='ltr'>editis</span> <span class='ocrx_word' id='word_1_279' title='bbox 1418 3383 1448 3427; x_wconf 84' lang='lat' dir='ltr'>et</span> <span class='ocrx_word' id='word_1_280' title='bbox 1460 3391 1560 3429; x_wconf 80' lang='lat' dir='ltr'>suo-</span> 
     </span>
     <span class='ocr_line' id='line_1_32' title="bbox 372 3461 1560 3532; baseline 0.005 -19"><span class='ocrx_word' id='word_1_281' title='bbox 372 3461 427 3530; x_wconf 87' lang='lat' dir='ltr'>sis,</span> <span class='ocrx_word' id='word_1_282' title='bbox 453 3463 503 3514; x_wconf 87' lang='lat' dir='ltr'>sed</span> <span class='ocrx_word' id='word_1_283' title='bbox 529 3461 653 3515; x_wconf 86' lang='lat' dir='ltr'>humidis</span> <span class='ocrx_word' id='word_1_284' title='bbox 678 3463 824 3515; x_wconf 90' lang='lat' dir='ltr'>montibus</span> <span class='ocrx_word' id='word_1_285' title='bbox 844 3463 932 3515; x_wconf 80' lang='lat' dir='ltr'>etiam</span> <span class='ocrx_word' id='word_1_286' title='bbox 953 3461 1110 3532; x_wconf 88' lang='lat' dir='ltr'>reperitur,</span> <span class='ocrx_word' id='word_1_287' title='bbox 1138 3469 1171 3515; x_wconf 91' lang='lat' dir='ltr'>ut</span> <span class='ocrx_word' id='word_1_288' title='bbox 1190 3464 1266 3515; x_wconf 85' lang='lat' dir='ltr'>circa</span> <span class='ocrx_word' id='word_1_289' title='bbox 1284 3463 1436 3517; x_wconf 79' lang='lat' dir='ltr'>Ramstein</span> <span class='ocrx_word' id='word_1_290' title='bbox 1454 3479 1560 3519; x_wconf 82' lang='lat' dir='ltr'>arcem</span> 
     </span>
     <span class='ocr_line' id='line_1_33' title="bbox 370 3549 793 3606; baseline 0 -2"><span class='ocrx_word' id='word_1_291' title='bbox 370 3549 580 3604; x_wconf 84' lang='lat' dir='ltr'>Basileeusium</span> <span class='ocrx_word' id='word_1_292' title='bbox 601 3550 793 3606; x_wconf 79' lang='lat' dir='ltr'>notavimus.“</span> 
     </span>
    </p>
   </div>
   <div class='ocr_carea' id='block_1_6' title="bbox 406 3681 1559 3746">
    <p class='ocr_par' dir='ltr' id='par_1_6' title="bbox 406 3681 1559 3746">
     <span class='ocr_line' id='line_1_34' title="bbox 406 3681 1559 3746; baseline 0.003 -11"><span class='ocrx_word' id='word_1_293' title='bbox 406 3681 440 3735; x_wconf 86' lang='lat' dir='ltr'>Iu</span> <span class='ocrx_word' id='word_1_294' title='bbox 460 3681 568 3735; x_wconf 84' lang='lat' dir='ltr'>seinem</span> <span class='ocrx_word' id='word_1_295' title='bbox 588 3681 676 3746; x_wconf 69' lang='grc' dir='ltr'><em>πιναξ</em></span> <span class='ocrx_word' id='word_1_296' title='bbox 694 3681 814 3736; x_wconf 82' lang='lat' dir='ltr'>Theatri</span> <span class='ocrx_word' id='word_1_297' title='bbox 833 3683 961 3736; x_wconf 85' lang='lat' dir='ltr'>botanici</span> <span class='ocrx_word' id='word_1_298' title='bbox 980 3683 1029 3736; x_wconf 90' lang='lat' dir='ltr'>lib.</span> <span class='ocrx_word' id='word_1_299' title='bbox 1047 3683 1085 3736; x_wconf 84' lang='lat' dir='ltr'>X.</span> <span class='ocrx_word' id='word_1_300' title='bbox 1104 3683 1197 3735; x_wconf 82' lang='lat' dir='ltr'>sectio</span> <span class='ocrx_word' id='word_1_301' title='bbox 1214 3683 1251 3735; x_wconf 82' lang='lat' dir='ltr'>ll</span> <span class='ocrx_word' id='word_1_302' title='bbox 1271 3681 1352 3733; x_wconf 75' lang='lat' dir='ltr'>murt</span> <span class='ocrx_word' id='word_1_303' title='bbox 1376 3681 1499 3732; x_wconf 89' lang='lat' dir='ltr'>dersel</span> <span class='ocrx_word' id='word_1_304' title='bbox 1512 3685 1559 3737; x_wconf 91' lang='lat' dir='ltr'>be</span> 
     </span>
    </p>
   </div>
   <div class='ocr_carea' id='block_1_7' title="bbox 298 3769 1559 3931">
    <p class='ocr_par' dir='ltr' id='par_1_7' title="bbox 298 3769 1559 3931">
     <span class='ocr_line' id='line_1_35' title="bbox 300 3769 1559 3840; baseline 0.002 -17"><span class='ocrx_word' id='word_1_305' title='bbox 300 3773 416 3826; x_wconf 83' lang='lat' dir='ltr'>Autor</span> <span class='ocrx_word' id='word_1_306' title='bbox 444 3771 591 3825; x_wconf 74' lang='lat' dir='ltr'>Ommmdc</span> <span class='ocrx_word' id='word_1_307' title='bbox 618 3773 661 3824; x_wconf 86' lang='lat' dir='ltr'>als</span> <span class='ocrx_word' id='word_1_308' title='bbox 679 3769 758 3825; x_wconf 72' lang='lat' dir='ltr'>rua</span> <span class='ocrx_word' id='word_1_309' title='bbox 776 3789 891 3825; x_wconf 80' lang='lat' dir='ltr'>ramosa</span> <span class='ocrx_word' id='word_1_310' title='bbox 919 3789 975 3825; x_wconf 90' lang='lat' dir='ltr'>non</span> <span class='ocrx_word' id='word_1_311' title='bbox 1004 3773 1126 3827; x_wconf 79' lang='lat' dir='ltr'>dentata</span> <span class='ocrx_word' id='word_1_312' title='bbox 1137 3772 1248 3840; x_wconf 74' lang='lat' dir='ltr'>florida</span> <span class='ocrx_word' id='word_1_313' title='bbox 1272 3773 1372 3836; x_wconf 71' lang='lat'><strong>(1⁶23)</strong></span> <span class='ocrx_word' id='word_1_314' title='bbox 1401 3771 1461 3824; x_wconf 74' lang='lat' dir='ltr'>auf.</span> <span class='ocrx_word' id='word_1_315' title='bbox 1488 3772 1559 3825; x_wconf 89' lang='lat' dir='ltr'>Be-</span> 
     </span>
     <span class='ocr_line' id='line_1_36' title="bbox 298 3857 929 3931; baseline 0.003 -19"><span class='ocrx_word' id='word_1_316' title='bbox 298 3861 514 3931; x_wconf 82' lang='lat' dir='ltr'>schreibungeu</span> <span class='ocrx_word' id='word_1_317' title='bbox 534 3857 633 3914; x_wconf 83' lang='lat' dir='ltr'>iehlen</span> <span class='ocrx_word' id='word_1_318' title='bbox 654 3873 690 3912; x_wconf 85' lang='lat' dir='ltr'>an</span> <span class='ocrx_word' id='word_1_319' title='bbox 712 3861 807 3913; x_wconf 85' lang='lat' dir='ltr'>dieser</span> <span class='ocrx_word' id='word_1_320' title='bbox 827 3861 929 3914; x_wconf 88' lang='lat' dir='ltr'>Stelle.</span> 
     </span>
    </p>
   </div>
   <div class='ocr_carea' id='block_1_8' title="bbox 295 3969 1560 4498">
    <p class='ocr_par' dir='ltr' id='par_1_8' title="bbox 295 3969 1560 4498">
     <span class='ocr_line' id='line_1_37' title="bbox 398 3969 1557 4042; baseline -0.002 -12"><span class='ocrx_word' id='word_1_321' title='bbox 398 3969 433 4030; x_wconf 74' lang='lat'>⁰.</span> <span class='ocrx_word' id='word_1_322' title='bbox 452 3969 606 4028; x_wconf 67' lang='lat' dir='ltr'>mmm</span> <span class='ocrx_word' id='word_1_323' title='bbox 633 3971 714 4024; x_wconf 81' lang='lat' dir='ltr'>idhrt</span> <span class='ocrx_word' id='word_1_324' title='bbox 742 3973 771 4026; x_wconf 88' lang='lat' dir='ltr'>in</span> <span class='ocrx_word' id='word_1_325' title='bbox 796 3973 906 4026; x_wconf 86' lang='lat' dir='ltr'>seinem</span> <span class='ocrx_word' id='word_1_326' title='bbox 931 3971 1196 4041; x_wconf 80' lang='lat' dir='ltr'>ausgeaeichueteu</span> <span class='ocrx_word' id='word_1_327' title='bbox 1220 3969 1345 4023; x_wconf 84' lang='lat' dir='ltr'>Werke:</span> <span class='ocrx_word' id='word_1_328' title='bbox 1373 3973 1557 4042; x_wconf 64' lang='lat' dir='ltr'>„tractatus</span> 
     </span>
     <span class='ocr_line' id='line_1_38' title="bbox 298 4059 1558 4132; baseline 0.005 -22"><span class='ocrx_word' id='word_1_329' title='bbox 298 4059 335 4113; x_wconf 90' lang='lat' dir='ltr'>de</span> <span class='ocrx_word' id='word_1_330' title='bbox 364 4059 501 4115; x_wconf 77' lang='lat' dir='ltr'>Filicibus</span> <span class='ocrx_word' id='word_1_331' title='bbox 529 4059 726 4114; x_wconf 79' lang='lat' dir='ltr'>Americanis“</span> <span class='ocrx_word' id='word_1_332' title='bbox 754 4077 833 4114; x_wconf 84' lang='lat' dir='ltr'>zwar</span> <span class='ocrx_word' id='word_1_333' title='bbox 857 4063 991 4114; x_wconf 84' lang='lat' dir='ltr'>mehrere</span> <span class='ocrx_word' id='word_1_334' title='bbox 1016 4061 1183 4113; x_wconf 88' lang='lat' dir='ltr'>Osmunden</span> <span class='ocrx_word' id='word_1_335' title='bbox 1210 4059 1276 4126; x_wconf 84' lang='lat' dir='ltr'>auf;</span> <span class='ocrx_word' id='word_1_336' title='bbox 1311 4060 1390 4113; x_wconf 73' lang='lat' dir='ltr'>dieue</span> <span class='ocrx_word' id='word_1_337' title='bbox 1418 4063 1558 4132; x_wconf 78' lang='lat' dir='ltr'>gehdren</span> 
     </span>
     <span class='ocr_line' id='line_1_39' title="bbox 299 4147 1560 4220; baseline 0.006 -20"><span class='ocrx_word' id='word_1_338' title='bbox 299 4149 372 4201; x_wconf 87' lang='lat' dir='ltr'>aber</span> <span class='ocrx_word' id='word_1_339' title='bbox 391 4147 477 4201; x_wconf 83' lang='lat' dir='ltr'>theiis</span> <span class='ocrx_word' id='word_1_340' title='bbox 497 4165 532 4204; x_wconf 89' lang='lat' dir='ltr'>zu</span> <span class='ocrx_word' id='word_1_341' title='bbox 552 4147 705 4217; x_wconf 79' lang='lat' dir='ltr'>Amimia,</span> <span class='ocrx_word' id='word_1_342' title='bbox 736 4149 823 4203; x_wconf 82' lang='lat' dir='ltr'>theils</span> <span class='ocrx_word' id='word_1_343' title='bbox 842 4167 877 4204; x_wconf 89' lang='lat' dir='ltr'>zu</span> <span class='ocrx_word' id='word_1_344' title='bbox 898 4149 1092 4220; x_wconf 62' lang='lat' dir='ltr'>llonycticm,</span> <span class='ocrx_word' id='word_1_345' title='bbox 1121 4165 1177 4202; x_wconf 88' lang='lat' dir='ltr'>nur</span> <span class='ocrx_word' id='word_1_346' title='bbox 1205 4149 1270 4202; x_wconf 88' lang='lat' dir='ltr'>eine</span> <span class='ocrx_word' id='word_1_347' title='bbox 1298 4149 1470 4219; x_wconf 84' lang='lat' dir='ltr'>Abbildung</span> <span class='ocrx_word' id='word_1_348' title='bbox 1497 4156 1560 4207; x_wconf 82' lang='lat' dir='ltr'>auf</span> 
     </span>
     <span class='ocr_line' id='line_1_40' title="bbox 296 4235 1557 4311; baseline 0.005 -21"><span class='ocrx_word' id='word_1_349' title='bbox 296 4235 380 4290; x_wconf 77' lang='lat' dir='ltr'>Talei</span> <span class='ocrx_word' id='word_1_350' title='bbox 401 4235 446 4303; x_wconf 89' lang='lat' dir='ltr'>B.,</span> <span class='ocrx_word' id='word_1_351' title='bbox 474 4237 572 4308; x_wconf 56' lang='lat' dir='ltr'>rign</span> <span class='ocrx_word' id='word_1_352' title='bbox 600 4239 707 4311; x_wconf 79' lang='lat' dir='ltr'>gehtrt</span> <span class='ocrx_word' id='word_1_353' title='bbox 735 4257 770 4293; x_wconf 84' lang='lat' dir='ltr'>zu</span> <span class='ocrx_word' id='word_1_354' title='bbox 795 4241 944 4295; x_wconf 75' lang='lat' dir='ltr'>osmundo</span> <span class='ocrx_word' id='word_1_355' title='bbox 964 4240 1079 4311; x_wconf 71' lang='lat' dir='ltr'>regalis,</span> <span class='ocrx_word' id='word_1_356' title='bbox 1116 4241 1205 4294; x_wconf 82' lang='lat' dir='ltr'>Diese</span> <span class='ocrx_word' id='word_1_357' title='bbox 1232 4238 1403 4310; x_wconf 84' lang='lat' dir='ltr'>Abbildung</span> <span class='ocrx_word' id='word_1_358' title='bbox 1430 4241 1467 4292; x_wconf 87' lang='lat' dir='ltr'>ist</span> <span class='ocrx_word' id='word_1_359' title='bbox 1492 4259 1557 4298; x_wconf 83' lang='lat' dir='ltr'>von</span> 
     </span>
     <span class='ocr_line' id='line_1_41' title="bbox 296 4325 1556 4398; baseline 0.007 -20"><span class='ocrx_word' id='word_1_360' title='bbox 296 4327 352 4379; x_wconf 88' lang='lat' dir='ltr'>den</span> <span class='ocrx_word' id='word_1_361' title='bbox 373 4325 472 4378; x_wconf 81' lang='lat' dir='ltr'>bisher</span> <span class='ocrx_word' id='word_1_362' title='bbox 490 4327 703 4398; x_wconf 78' lang='lat' dir='ltr'>autgeliihrteu</span> <span class='ocrx_word' id='word_1_363' title='bbox 724 4329 769 4384; x_wconf 92' lang='lat' dir='ltr'>bei</span> <span class='ocrx_word' id='word_1_364' title='bbox 789 4331 915 4385; x_wconf 78' lang='lat' dir='ltr'>Wcitem</span> <span class='ocrx_word' id='word_1_365' title='bbox 936 4329 983 4383; x_wconf 88' lang='lat' dir='ltr'>die</span> <span class='ocrx_word' id='word_1_366' title='bbox 1003 4329 1102 4396; x_wconf 78' lang='lat' dir='ltr'>berte,</span> <span class='ocrx_word' id='word_1_367' title='bbox 1132 4330 1187 4382; x_wconf 87' lang='lat' dir='ltr'>und</span> <span class='ocrx_word' id='word_1_368' title='bbox 1208 4330 1299 4382; x_wconf 80' lang='lat' dir='ltr'>selbst</span> <span class='ocrx_word' id='word_1_369' title='bbox 1319 4330 1365 4381; x_wconf 88' lang='lat' dir='ltr'>die</span> <span class='ocrx_word' id='word_1_370' title='bbox 1384 4330 1556 4387; x_wconf 76' lang='lat' dir='ltr'>Nervatiou</span> 
     </span>
     <span class='ocr_line' id='line_1_42' title="bbox 295 4399 1015 4498; baseline 0.004 -29"><span class='ocrx_word' id='word_1_371' title='bbox 295 4415 335 4471; x_wconf 86' lang='lat' dir='ltr'>ist</span> <span class='ocrx_word' id='word_1_372' title='bbox 352 4421 408 4487; x_wconf 83' lang='lat' dir='ltr'>gut</span> <span class='ocrx_word' id='word_1_373' title='bbox 426 4399 612 4486; x_wconf 79' lang='lat' dir='ltr'>dargestellt.</span> <span class='ocrx_word' id='word_1_374' title='bbox 987 4447 1015 4498; x_wconf 60' lang='lat'>0</span> 
     </span>
    </p>
   </div>
   <div class='ocr_carea' id='block_1_9' title="bbox 0 0 1608 5254">
    <p class='ocr_par' dir='ltr' id='par_1_9' title="bbox 0 0 1608 5254">
     <span class='ocr_line' id='line_1_43' title="bbox 0 0 1608 5254; baseline 0 0"><span class='ocrx_word' id='word_1_375' title='bbox 0 0 1608 5254; x_wconf 95' lang='lat' dir='ltr'> </span> 
     </span>
    </p>
   </div>
  </div>
 </body>
</html>
